4909 6334
866 685 1046 819 ear
1075 736 1118 817 u
1141 729 1186 817 r
1244 724 1319 817 m..
1685 754 1740 849 75

376 902 736 1025 41÷2÷3

386 1042 465 1090 ··.-
488 1062 503 1111 ,
525 1039 632 1107 -,
656 1037 766 1107 ⁷-,
794 994 868 1107 &o
893 990 990 1081 illos
1018 988 1153 1080 nihilo
1181 985 1388 1101 minores,
1412 987 1487 1074 hos
1517 1016 1612 1075 vero
1642 988 1803 1081 infinito

373 1102 775 1283 {asom—biemso.
837 1196 1119 1279 Verumtamen
1158 1188 1237 1277 hoc
1275 1142 1390 1309 pasto
1419 1184 1690 1277 difficultatem
1720 1166 1801 1283 non

373 1312 552 1427 tollunt,
581 1339 700 1431 quam
729 1309 898 1427 suggerit
925 1312 1020 1398 hauc
1049 1306 1160 1399 series

499 1458 1689 1703 ι-Ηκ-Μέ-Ι-μὲψςιθψᾶαὲῖἐῆῖ

370 1707 475 1797 unde
499 1704 679 1797 oriuntur
707 1704 900 1824 sequenter
930 1700 1073 1792 series:

368 1906 413 1995 A
441 1905 721 2009 „1÷2÷
755 1934 781 2020 3¹
810 1904 861 2005 ψ
888 1900 996 2013 4÷
1029 1924 1057 2013 ς,
1085 1831 1798 2096 ψᾱαὲῇ-Ξῖρξεῑῃῆηῑω

365 2129 1569 2293 B..1†4†12†32.†8‘o†&e.=-·¹·-·=1

1113 2345 1116 2351 ,
1312 2268 1459 2346 1-2²

363 2374 432 2463 ubi
460 2406 555 2463 cum
581 2374 721 2489 singuli
752 2374 915 2464 termini
945 2372 1057 2463 seriei
1085 2379 1129 2461 Β·
1150 2374 1230 2462 smn
1255 2258 1423 2465 uiatores
1446 2441 1467 2489 „
1499 2404 1622 2493 quam
1650 2377 1793 2493 smguli

362 2494 524 2582 termini
555 2490 664 2582 seriei
693 2499 764 2609 A,
796 2504 800 2512 ⁴
840 2491 933 2581 imis
962 2490 1063 2581 solis.
1081 2492 1294 2613 exceptis,
1360 2494 1661 2582 uernadmodum
1692 2495 1792 2583 sum-

360 2642 428 2701 ma
456 2610 566 2700 seriei
595 2618 640 2700 A
667 2612 716 2700 stt
745 2612 788 2700 in
817 2611 901 2699 nita
931 2676 955 2726 ,
988 2608 1099 2699 seriei
1129 2617 1163 2699 B
1193 2640 1295 2699 vero
1333 2524 1486 2701 summa
1530 2613 1701 2732 aequalis
1736 2645 1790 2729 1,

358 2730 439 2819 hoc
462 2730 537 2866 'est
581 2728 672 2868 soli·
704 2730 879 2821 termino.
919 2729 1099 2853 primo,
1141 2760 1191 2817 ex
1219 2730 1315 2820 ,illo
1360 2728 1565 2851 principio
1598 2731 1790 2852 explicari

359 2878 530 2971 ommno
559 2876 726 2971 nequit.
920 2934 925 2943 .

487 2992 588 3081 105.
640 2967 854 3086 Quoniam
876 2992 1007 3055 autem
1035 2962 1070 3053 su
1097 2964 1287 3055 vellemus
1315 2970 1464 3083 negare·
1484 2964 1559 3053 esse
1597 2999 1787 3060 -1=.·
1895 2980 1898 2987 '

356 3090 470 3333 ἒ,
499 3086 852 3345 ἂὲςῇ,
894 3162 1111 3252 finttiffima
1138 3158 1361 3290 Analyseos
1389 3162 1637 3255 fundatttenta
1665 3164 1784 3257 colla·

356 3362 576 3478 berentur,
615 3362 692 3451 illu
724 3388 821 3453 ante
859 3388 1173 3471 commemorata
1196 3362 1415 3483 explicatio
1490 3365 1593 3454 orsus
1622 3362 1782 3451 admitti

356 3510 442 3570 non
469 3483 621 3603 potest.
652 3482 767 3600 Quin
797 3480 927 3603 potius
955 3512 1093 3598 negare
1120 3484 1381 3599 debebimus,
1426 3476 1553 3599 ilas,
1582 3510 1673 3601 ques
1704 3482 1780 3569 sor·

283 3672 324 3731 ὁ
356 3600 488 3689 mulae
513 3602 708 3718 generales
737 3600 1069 3722 suppeditaverant
1100 3664 1130 3713 „
1158 3602 1323 3689 summas
1367 3600 1439 3690 esse
1477 3616 1613 3691 veras.
1673 3606 1782 3723 Cum

354 3720 465 3809 enim
508 3722 583 3809 hae
625 3720 737 3811 series
780 3750 831 3809 ex
876 3720 1062 3809 continua
1104 3718 1300 3809 divisione
1324 3721 1501 3809 oriantur
1526 3786 1540 3833 ,
1568 3722 1662 3808 dum
1692 3722 1778 3808 rest·

354 3840 478 3930 duum
504 3840 694 3930 continno
721 3838 884 3928 ulterius
912 3838 1145 3926 dividitur:
1189 3840 1380 3929 residuum
1419 3865 1552 3929 autem
1591 3870 1659 3961 per
1708 3862 1777 3927 tuo

356 3958 427 4045 fiat
454 3959 609 4075 maius,
636 3990 717 4081 qno
746 3958 900 4074 longius
929 3956 1248 4078 progrediamur,
1287 3958 1328 4045 id
1357 3988 1553 4081 nunquam
1582 3990 1609 4047 n
1677 3956 1778 4074 'gere

321 4162 327 4174 ,
411 4078 571 4165 terimus
599 4112 615 4195 3
656 4106 698 4165 at
724 4110 777 4166 ue
814 4076 988 4197 minime
1009 4074 1204 4163 residuum
1228 4066 1416 4166 ultimum
1440 4080 1561 4192 ,hoc
1591 4076 1644 4166 est
1673 4078 1778 4197 quod

240 4212 245 4221 ’
356 4217 399 4283 tn
428 4198 618 4285 divifione
647 4110 896 4285 insnitesrmn
923 4218 1125 4309 remanet,
1153 4195 1294 4281 omitti
1326 4198 1475 4319 potest,
1505 4196 1648 4317 quippe
1677 4196 1780 4315 quod

356 4316 404 4403 fit
433 4315 593 4404 infinite
617 4346 829 4433 magnum.
889 4313 1001 4433 Quia
1028 4332 1161 4401 autem
1190 4316 1268 4402 hoc
1300 4315 1343 4409 in
1373 4315 1629 4451 superioribus
1670 4314 1779 4403 serie-

352 4436 426 4525 bus
454 4464 536 4521 non
565 4434 832 4550 observatur,
872 4432 969 4521 dum
1006 4430 1151 4521 nullius
1180 4434 1318 4523 residui
1348 4462 1453 4523 rano
1483 4433 1675 4547 habetur,
1705 4436 1781 4522 mi·

356 4582 446 4638 rum
474 4584 555 4641 non
584 4554 665 4667 est,
693 4584 754 4641 ets
784 4550 1059 4640 summationes
1087 4552 1134 4638 ad
1163 4551 1368 4643 absurdum
1394 4556 1602 4644 deducere.
1657 4560 1780 4643 Haec·

353 4700 432 4788 que
474 4672 707 4793 responsio,
750 4672 812 4757 uti
857 4670 910 4757 est
954 4699 1005 4759 ex
1048 4670 1129 4793 ipsa
1174 4672 1357 4761 seriorum
1386 4674 1509 4789 genesi
1541 4672 1692 4794 petita,
1724 4676 1780 4759 ita

356 4819 508 4909 qnoque
528 4792 589 4879 est
617 4792 838 4905 veriffima,
866 4814 981 4909 atque
1009 4818 1171 4889 omnem
1198 4793 1485 4881 dubitationem
1517 4795 1655 4881 tollit.

800 4989 806 4997 ·
1052 4961 1168 5045 ·K2
1459 4972 1464 4977 '
1627 4956 1717 5081 126.
