4909 6334
774 790 856 873 130
1200 750 1513 835 cAeur
1572 750 1653 829 Vn.

702 938 753 1024 do
800 938 919 1025 etiarn
963 958 986 1013 a
1032 924 1066 1013 se
1098 926 1267 1013 invicem
1298 924 1485 1045 pendere,
1517 948 1720 1043 propterea
1748 916 1865 1037 quod
1892 945 2053 1037 utraque
2081 926 2127 1009 ab

702 1061 833 1143 eadem
879 1048 1083 1137 sunslione'
1123 1053 1162 1130 V
1211 1046 1370 1163 pendet.
1402 1043 1635 1158 Quicunque
1677 1039 1800 1154 igitur
1830 1042 1878 1125 sit
1908 1040 1978 1126 iste
2008 1070 2125 1129 nexus

700 1175 804 1261 inter
849 1166 1080 1293 quantitates
1128 1164 1256 1249 linitas
1287 1170 1318 1249 P
1348 1164 1387 1247 8(
1418 1168 1491 1280 Q,
1520 1190 1637 1277 quem
1675 1157 1850 1277 deinceps
1880 1158 2123 1272 investigabi-

699 1312 813 1403 mus,
886 1284 1096 1403 erspieuum
1143 1284 1221 1395 est,
1253 1312 1331 1367 non
1372 1310 1505 1365 omnes
1536 1276 1722 1364 lormulas
1750 1276 2022 1363 differentiales
2054 1282 2122 1363 hu·

701 1410 866 1499 iusmodi
914 1404 1205 1517 de†Qdy,
1250 1402 1293 1489 in
1331 1402 1467 1516 quibus
1496 1406 1527 1484 P
1556 1402 1596 1483 8(
1627 1402 1681 1513 Ω
1702 1424 1774 1515 pro
1813 1396 1941 1483 lubitu
1971 1396 2047 1481 fint
2075 1426 2123 1483 ex

698 1567 723 1615 a
753 1534 791 1613 8(
821 1568 843 1641 p
875 1526 1091 1633 formatae,
1121 1524 1224 1641 posse
1264 1518 1335 1605 esse
1373 1515 1645 1603 differentialia
1673 1514 1883 1634 cuiuspiam
1915 1514 2123 1602 suntlionis

698 1648 832 1734 linitae
864 1654 903 1731 V
935 1638 1102 1761 ipsarum
1132 1680 1155 1728 a
1184 1646 1222 1725 8(
1249 1680 1293 1747 y.
1325 1636 1412 1722 Nisa
1443 1637 1552 1725 enim
1582 1664 1626 1722 ea
1655 1633 1796 1721 relatio
1827 1635 1931 1723 inter
1956 1633 2121 1721 functio-

697 1796 762 1853 nes
794 1774 823 1853 P
854 1769 892 1850 8(
924 1768 972 1879 Q
1000 1761 1239 1872 intercedat,
1285 1786 1400 1877 qnam
1447 1782 1582 1843 natura
1625 1752 1965 1843 differentiationis
1995 1755 2118 1871 requi·

698 1886 780 1997 rit,
812 1878 1032 1969 huiusmodi
1063 1876 1317 1967 differentiale
1348 1877 1604 1991 del-Qdy
1644 1874 1741 1959 oriri
1774 1872 1886 1990 plane
1916 1904 1985 1991 per
2014 1874 2118 1963 diffe-

695 2003 971 2093 rentiationem
1015 2028 1092 2083 non
1141 1998 1296 2119 potuit,
1336 1995 1496 2111 ideoque
1528 1992 1694 2079 viciffim
1724 1992 1911 2105 integrale
1941 2022 2022 2081 non
2053 1995 2117 2081 ha·

697 2122 822 2207 bebit.

817 2240 911 2325 218.
973 2246 1020 2325 In
1050 2236 1311 2351 integratione
1367 2230 1490 2347 igitur
1547 2230 1766 2355 plurimum
1812 2231 1969 2319 interest
2015 2234 2117 2321 nosse

693 2354 791 2445 hanc
831 2356 1061 2443 relationem
1101 2357 1204 2441 inter
1235 2351 1467 2471 quantitates
1500 2357 1530 2435 P
1563 2354 1601 2435 8(
1633 2356 1706 2465 Q,
1737 2376 1781 2436 ut
1811 2351 2113 2465 differentialia,

718 2506 784 2563 uae
830 2504 960 2563 revera
1006 2504 1055 2559 ex
1101 2471 1429 2559 differentiatione
1474 2467 1684 2555 sunslionis
1729 2469 1940 2589 cuiuspiam
1980 2470 2112 2557 finitae

690 2507 776 2681 sunt
822 2623 936 2705 orta,
965 2590 1135 2705 dignosci
1166 2617 1304 2709 queant
1335 2592 1384 2675 ab
1415 2588 1492 2699 iis,
1524 2618 1619 2705 qnae
1649 2590 1695 2673 ad
1728 2588 1900 2673 libitum·
1920 2588 2004 2675 sunt
2036 2589 2110 2675 sor-

688 2740 817 2824 mata,
846 2740 959 2829 atque
989 2710 1096 2797 nulla
1125 2710 1331 2824 integralia
1358 2709 1590 2791 admittunt.
1622 2712 1856 2823 Quanquam
1885 2735 2016 2793 autem
2046 2710 2110 2795 hic

689 2834 860 2917 nondum
892 2830 1161 2945 integrationis
1191 2827 1391 2943 negotium
1423 2824 1669 2942 suscipimus,
1701 2851 1828 2911 tamen
1858 2827 1904 2911 ad
1934 2854 2109 2913 naturam

688 2941 1004 3035 differentialium
1050 2948 1213 3033 realium
1258 2944 1427 3066 penitius
1473 2942 1746 3063 inspiciendam
1775 2946 1981 3031 conveniet
2011 2948 2107 3031 hanc

686 3068 917 3153 relationem
962 3067 1211 3179 investigari5
1259 3066 1400 3181 quippe
1445 3062 1552 3148 cuius
1584 3064 1760 3176 cognitio
1792 3094 1872 3149 non
1903 3062 2030 3149 solum
2060 3068 2104 3149 ad

685 3185 876 3271 calculum
921 3184 1179 3297 integralem,
1209 3186 1255 3266 ad
1285 3212 1399 3297 quem
1432 3180 1497 3265 hic
1528 3180 1634 3267 viam
1665 3212 1868 3315 paramus,
1897 3182 1950 3267 est
1981 3183 2103 3268 maxi·

684 3332 749 3389 me
780 3303 1006 3415 necessaria,
1037 3301 1095 3390 sed
1126 3300 1246 3387 etiam
1276 3300 1318 3385 in
1349 3296 1431 3415 ipso
1460 3298 1609 3385 calculo
1638 3300 1885 3385 differentiali
1916 3301 2103 3414 insignem

684 3422 811 3509 lucem
855 3422 1047 3510 accendit.
1093 3420 1270 3507 Primum
1316 3418 1438 3531 igitur
1467 3442 1597 3535 patet,
1627 3418 1654 3501 fi
1688 3424 1727 3503 V
1759 3418 1805 3505 stt
1837 3417 1985 3505 sunslio
2014 3422 2100 3505 dua-

682 3568 769 3632 tum
815 3540 1064 3626 variabilium
1109 3540 1200 3624 x&
1220 3574 1284 3652 y,
1329 3538 1369 3623 in
1417 3535 1495 3621 eius
1538 3536 1786 3622 differentiali
1832 3540 2098 3657 Palati-Qdy

682 3659 874 3778 utriusque
917 3654 1170 3744 differentiale
1200 3660 1258 3745 dx
1288 3658 1327 3741 8(
1358 3657 1407 3769 dy
1453 3654 1566 3739 inesse
1604 3682 1809 3773 oportere.
1841 3662 1977 3772 Neque
2006 3687 2097 3769 ergo

681 3777 804 3895 potest
849 3777 919 3865 else
965 3784 1099 3863 P=0
1148 3805 1268 3893 neque
1314 3779 1486 3889 Q=o.
1543 3775 1649 3859 Hinc
1680 3776 1705 3859 li
1738 3782 1769 3860 P
1800 3772 1917 3859 suerit
1949 3772 2095 3863 sunslio

679 3896 846 4015 ipsarum
891 3934 914 3981 x
943 3900 981 3983 8(
1002 3930 1064 4007 y,
1094 3892 1264 3980 sormula
1283 3922 1291 3937 ’
1309 3896 1392 3979 Pda
1437 3890 1579 3977 nullius
1609 3891 1836 4010 quantitatis
1867 3894 1998 3979 finitae
2029 3926 2095 4013 po·

679 4015 773 4100 terit
819 4015 890 4100 else
918 4014 1200 4125 differentiale,
1231 4012 1291 4097 seu
1321 4008 1428 4098 nulla
1456 4036 1566 4097 extat
1595 4014 1787 4128 quantitas
1817 4012 1956 4123 finita,
1989 4014 2094 4099 cuius

578 4166 586 4175 ·
677 4133 930 4219 differentiale
961 4136 1007 4239 fit
1039 4138 1139 4220 de.
1911 4130 1915 4137 ⁴

798 4280 891 4357 219.
952 4254 1015 4341 Sic
1055 4252 1160 4337 nulla
1198 4252 1309 4337 datar
1338 4249 1529 4366 quantitas
1561 4250 1671 4337 linita
1702 4256 1742 4337 V
1773 4250 1850 4335 five
1879 4248 2090 4365 algebraica

671 4372 749 4455 stne
797 4370 1082 4481 transcendens,
1127 4372 1232 4457 cuius
1276 4370 1529 4457 differentiale
1559 4371 1606 4453 stt
1627 4372 1761 4483 yxdx,
1800 4370 2013 4486 siquidem
2044 4371 2091 4456 stt

664 4491 917 4601 yquantitas
963 4488 1161 4575 variabilis
1206 4491 1254 4573 ab
1284 4526 1308 4573 x
1337 4520 1417 4577 non
1463 4491 1646 4607 pendens.
1676 4490 1717 4577 Si
1763 4487 1869 4572 enim
1901 4517 2087 4607 ponamus

672 4606 753 4691 dari
801 4608 984 4694 eiusmodi
1032 4608 1287 4725 quantitatem
1334 4608 1488 4700 finitam
1531 4616 1595 4718 V,
1624 4609 1714 4725 quia
1734 4643 1768 4721 y
1798 4607 1839 4691 in
1870 4609 1951 4693 eius
1978 4608 2087 4691 disse-

671 4722 834 4811 rentiale
865 4724 1105 4835 ingreditur,
1137 4724 1276 4813 necesse
1306 4726 1386 4836 est,
1416 4754 1496 4839 uty
1526 4758 1677 4843 quoque
1707 4728 1747 4810 in
1781 4722 1857 4842 ipsa
1871 4726 2086 4840 quantitate

673 4848 713 4929 V
743 4840 859 4957 ins1t;
891 4844 1082 4933 venenas
1117 4852 1154 4931 V
1186 4846 1402 4933 contineret
1422 4884 1483 4967 y,
1513 4849 1564 4932 ob
1593 4844 1896 4969 variabilitatem
1925 4844 2039 4962 ipsios
2056 4870 2089 4958 y·
2165 4849 2167 4852 ’

1968 4990 2030 5047 ne·
