4909 6334
781 784 867 881 'tot
1218 777 1534 870 CAPUT
1592 782 1660 863 IX.

720 998 809 1056 earn
853 962 922 1053 else
966 958 1206 1053 funb'lionem
1250 961 1365 1079 ipsrus
1410 991 1461 1067 x,
1503 954 1567 1042 cui
1620 951 1819 1045 variabilis
1859 987 1889 1069 y
1933 950 1977 1043 vi
2007 990 2147 1081 propo

720 1088 812 1173 snae
865 1084 1104 1205 aequationis
1158 1078 1425 1169 differentialis
1480 1073 1527 1181 [ῃ
1573 1075 1760 1195 aequalis.
1803 1081 1985 1197 Namque
2028 1080 2057 1163 fi
2104 1080 2146 1169 in

710 1322 947 1443 ¹aequatione
992 1322 1082 1409 loto
1119 1357 1212 1441 yy,
1259 1322 1360 1409 hunc
1406 1320 1584 1408 valorem
1620 1316 1916 1445 ‚ex-lbbetl
1960 1318 2001 1401 8(
2056 1316 2144 1405 loco

1559 1471 1582 1511 Χ

712 1536 826 1680 ἀγᾶγ
867 1560 946 1649 eius
987 1560 1241 1647 differentiale
1286 1564 1369 1651 adae
1387 1560 1431 1661 †
1451 1604 1507 1719 ἶ
1526 1533 1659 1645 fide
1719 1552 2018 1666 substituamus,
2045 1552 2147 1641 orie·

617 1771 625 1783 '
723 1782 789 1847 tut
817 1759 1219 1879 aequatioidentica:

714 2002 808 2089 'ader
840 2000 886 2101 -Ι-
916 1910 2087 2160 si}eide-adx—xdx-zieide÷xrx=0ss

717 2199 860 2313 Sitque
891 2222 996 2311 patet
1027 2226 1187 2282 ornnem
1216 2194 1486 2313 aequationem
1514 2189 1811 2290 differentialem
1840 2218 1957 2306 aeque
1987 2220 2031 2276 ac
2062 2190 2151 2277 fini-

711 2340 807 2400 ·tam
846 2341 992 2399 certam
1038 2316 1268 2401 relationem
1308 2314 1410 2399 inter
1456 2310 1659 2396 variabiles
1704 2347 1728 2395 e
1770 2313 1810 2395 8(
1849 2340 1878 2420 y
1917 2310 2146 2423 exhibere,

712 2462 817 2551 quae
858 2460 988 2519 autent
1019 2433 1095 2520 line
1127 2432 1287 2521 subsidio
1316 2430 1453 2518 calculi
1485 2428 1683 2543 integralis
1713 2425 1873 2550 reperiri
1904 2455 2088 2546 nequeat.

848 2557 945 2657 298.
1006 2558 1103 2669 Quo
1144 2556 1237 2639 haec
1278 2548 1426 2637 facilius
1457 2548 1769 2661 intelligantur,
1799 2576 1986 2665 ponamus
2016 2550 2147 2663 cogni·

719 2672 807 2757 'tant
836 2668 908 2755 esse
938 2701 1023 2757 earn
1053 2670 1294 2757 sunllionem
1324 2668 1438 2787 ipfius
1468 2704 1519 2777 a,
1548 2698 1643 2785 quae
1673 2668 1796 2787 ipsry
1825 2666 1867 2752 vi
1898 2665 2151 2787 cuiuscunque

714 2790 963 2907 aequationis
1006 2790 1272 2877 differentialis
1317 2790 1395 2875 live
1425 2786 1545 2905 primi
1576 2786 1654 2873 sive
1683 2785 1842 2873 altioris
1867 2787 2032 2899 gradvs,
2060 2817 2151 2875 con·

712 2909 858 2995 :veniat
873 2945 894 3019 ,·
922 2908 1044 3029 litque
2061 2928 2068 2939 ‘

910 3096 914 3107 .
959 3092 969 3114 .
1006 3030 1235 3149 ἄγε-πρόῃ
1265 3028 1496 3147 dpzqu;
1527 3028 1860 3143 dq=rdx,·1&c.

711 3170 837 3263 atque
867 3148 901 3227 st
924 3146 966 3231 in
987 3176 992 3184 ’
1012 3151 1239 3264 aequatione
1278 3146 1532 3232 differentiale
1560 3148 1612 3233 dx
1640 3146 1847 3231 assumtum
1875 3144 2154 3258 fittonstansg

713 3261 800 3350 ¹e'rit
847 3264 1124 3379 ddy=qde·‘,
1154 3266 1203 3350 d³
1246 3264 1431 3373 :rung
1460 3266 1531 3349 &e
1575 3264 1643 3379 qui
1690 3264 1841 3349 valores
1881 3262 2082 3381 postquam
2111 3265 2152 3351 in

712 3383 954 3501 ¹aequatione
980 3382 1092 3469 erunt
1124 3299 1345 3493 sublimn,
1375 3382 1427 3465 ob
1472 3410 1605 3466 omnes
1635 3374 1716 3467 eius
1745 3382 1937 3468 terminos
1962 3384 2151 3499 homoge-

709 3530 840 3613 ·neos‚
882 3502 1155 3589 differentialia
1198 3503 1251 3587 dx
1295 3530 1361 3619 per
1389 3498 1621 3587 divifionem
1651 3500 1902 3612 evanescent,
1923 3500 2151 3619 orieturque

712 3620 902 3736 ,aequatio
933 3620 1060 3711 linitas
1102 3648 1254 3706 tanturn
1284 3618 1523 3735 quantitates
1546 3656 1599 3731 e,
1620 3652 1682 3733 y,
1707 3644 1760 3737 p,
1787 3652 1844 3734 q,
1872 3655 1917 3731 r,
1944 3624 2015 3705 &o
2045 3650 2152 3707 com·

752 3738 918 3823 leuen.
951 3746 1057 3826 Cum
1088 3740 1209 3853 igitur
1252 3738 1326 3823 fint
1351 3762 1407 3854 p,
1437 3773 1493 3852 q,
1520 3774 1570 3849 r,
1599 3742 1671 3825 Sec.
1700 3738 1936 3855 quantitates
1961 3769 1985 3824 a
2014 3766 2150 3825 natura

712 3768 932 3943 itnelionis
961 3895 986 3965 γ
1016 3860 1248 3977 pendentes,
1275 3887 1299 3941 a
1348 3856 1456 3941 uatio
1485 3888 1618 3943 revera
1649 3882 1802 3943 tantum
1831 3856 1935 3943 inter
1963 3858 2055 3945 duas
2084 3887 2147 3943 va-

720 3976 877 4063 riabiles
907 4012 931 4060 e
961 3982 999 4061 8(
1023 4012 1052 4090 y
1085 3888 1442 4093 subfistet3³l1eque
1472 3974 1638 4064 vicillnn
1668 3976 1843 4089 constat,
1872 3978 1984 4063 omni
2014 4007 2148 4095 aequa·

640 4178 644 4189 .
720 4093 831 4185 tione
860 4094 1107 4183 differentiali
1146 4124 1293 4185 certant
1332 4096 1521 4212 quandam
1549 4096 1781 4182 relationem
1810 4096 1915 4187 inter
1942 4096 2147 4184 variabiles

718 4250 754 4307 rt
779 4219 819 4299 8(
841 4250 875 4327 y
903 4214 1179 4303 determinari.
1210 4218 1481 4333 Quamobrem
1511 4214 1539 4299 st
1570 4215 1612 4301 in
1644 4214 1836 4302 solutione
1863 4215 2029 4303 cuiusvis
2057 4246 2147 4335 pro·

717 4333 901 4451 blmratis
931 4338 978 4423 ad
1007 4335 1277 4454 aequationem
1306 4332 1601 4421 differentialem
1631 4334 1735 4421 inter
1764 4370 1796 4423 x
1827 4336 1866 4420 8(
1892 4370 1923 4446 y
1951 4336 2148 4455 pervenia-

721 4476 815 4567 tur,
846 4486 913 4573 per
943 4450 1028 4541 eam
1057 4486 1173 4574 aeque
1204 4447 1346 4541 relatio
1375 4451 1479 4539 inter
1508 4485 1541 4542 rr
1570 4456 1609 4537 8(
1624 4452 1830 4573 yexprimi
1857 4450 2036 4542 censenda
2063 4452 2149 4568 est,

720 4597 765 4659 ac
794 4574 822 4656 st
852 4574 898 4661 ad
928 4575 1198 4695 aequationem
1229 4571 1383 4659 finitam
1413 4571 1501 4659 elset
1533 4600 1785 4692 perventum.

845 4720 939 4799 299.
1001 4702 1090 4784 Hoc
1135 4693 1257 4807 igitur
1300 4692 1422 4777 modo
1463 4721 1487 4776 a
1536 4691 1643 4784 uatio
1686 4690 1842 4813 quaevis
1879 4689 2147 4781 diflbrentialis

720 4804 779 4897 ita
806 4810 854 4899 ad
882 4806 1052 4898 sormam
1081 4812 1236 4908 linitam
1264 4810 1394 4901 reduci
1422 4722 1548 4941 pota
1594 4812 1715 4938 ¹utin
1742 4843 1788 4904 ea
1815 4807 1967 4903 nonulli
1992 4808 2145 4931 quanti·

1987 4956 2085 5019 tates

1619 5026 1623 5034 ι
