4909 6334
709 860 714 865 ·
845 818 1287 907 CAPUTJJI.
1461 868 1480 875 ··
1592 858 1803 957 ψη·-

362 1024 457 1091 vam
487 1002 575 1113 dx,
603 996 834 1119 'produSiurn
863 995 947 1087 fore
978 995 1134 1085 infinite
1161 1028 1348 1113 magnum
1382 1032 1390 1083 :
1430 1002 1544 1119 arque
1572 1006 1790 1115 generatim

352 1156 495 1366 fiii-5
542 1194 832 1317 multiplicetur
877 1224 947 1319 per
992 1194 1153 1309 bdxm,
1198 1196 1429 1322 produflum
1459 1198 1679 1305 andam-r
1709 1202 1785 1299 etit

357 1394 515 1483 infinite
544 1423 711 1515 parvum
739 1394 767 1479 sr
799 1426 838 1478 m
870 1391 1018 1513 superat
1048 1426 1117 1509 n3
1163 1392 1322 1480 finitum
1368 1392 1467 1479 fim
1497 1422 1633 1515 aequat
1663 1364 1786 1513 ms<

358 1513 514 1611 infinite
545 1542 732 1629 magnum
763 1514 791 1596 sr
824 1544 863 1595 m
894 1514 1089 1631 superatur
1117 1510 1165 1595 ab
1196 1546 1246 1597 n.
1710 1558 1714 1565 ·

474 1631 545 1743 98.
610 1631 864 1749 Quantitares
895 1656 979 1717 tam
1010 1628 1165 1717 infinite
1220 1656 1357 1748 arvae,
1387 1660 1504 1749 quam
1534 1630 1688 1719 infinite
1707 1664 1786 1723 ma·

355 1782 454 1869 gnae
500 1751 543 1837 in
589 1750 751 1840 seriebus
781 1776 1033 1837 numerorum
1064 1660 1271 1868 saepissime
1301 1772 1533 1861 occurrunt,
1576 1750 1618 1837 in
1649 1748 1789 1871 quibua

355 1900 448 1960 cum
478 1871 554 1959 sint
583 1870 753 1959 numeris
782 1868 906 1959 finitis
935 1868 1183 1991 permixtae,
1210 1898 1263 1955 ex
1295 1868 1344 1956 iis
1375 1868 1588 1959 luculenter
1613 1872 1787 1990 patebit,

359 1991 686 2109 quemadmodum
715 1988 919 2077 secundum
948 1989 1048 2105 leges
1077 1986 1351 2075 continuitatis
1381 2020 1403 2075 a
1432 1988 1711 2111 quantitatibus
1741 1992 1784 2078 fi·

355 2108 452 2195 tritis
492 2111 539 2194 ad
578 2106 736 2195 infinite
773 2138 931 2223 magnas
971 2134 1085 2227 atque
1115 2106 1270 2193 infinite
1301 2136 1438 2227 parvas
1469 2106 1646 2200 transitio
1675 2108 1788 2196 fiat.

356 2226 655 2315 Confidcremus
699 2226 873 2347 primurn
919 2224 1056 2315 seriem
1100 2255 1355 2315 numerorum
1386 2228 1660 2349 naturalium,
1690 2258 1785 2349 quae

355 2344 470 2435 srmul
498 2372 612 2435 retrn
635 2345 861 2435 continuata
891 2344 966 2432 erit

412 2490 485 2575 &c
532 2472 1603 2606 -7-4-3-72-1-bos-1-s-2s-3s-471-
1651 2492 1722 2611 δρα

357 2624 526 2713 Numeri
556 2656 650 2743 ergo
680 2626 869 2715 continno
897 2622 1143 2713 decrescendo
1173 2628 1357 2745 praebent
1388 2629 1544 2715 tandem
1575 2661 1617 2715 ο,
1633 2628 1699 2717 seu
1724 2616 1787 2721 fn:

354 2744 467 2833 finite
513 2776 723 2865 parvum,
767 2748 865 2835 unde
910 2744 1072 2833 ulterius
1111 2745 1331 2866 continuati
1370 2747 1545 2879 negativi
1575 2750 1786 2835 evadunt.

356 2868 633 2981 Quamobrem
677 2866 771 2953 hinc
817 2864 1055 2979 intelligitur
1092 2895 1116 2949 a
1153 2862 1325 2951 numeris
1370 2861 1493 2953 smrtis
1537 2867 1788 2958 affirmativir

356 2980 670 3106 ‹sacrefactrtibuq¹
686 2978 837 3071 transtri
868 3014 936 3105 per
965 3015 992 3069 0
1022 2982 1070 3069 ad
1098 3012 1147 3069 ne
1197 2974 1302 3069 tivns
1330 2976 1560 3071 cres'centtn.
1621 2985 1690 3073 Sin
1719 3016 1785 3073 au-

359 3130 441 3225 tem
471 3101 610 3221 eorum
639 3132 893 3194 numerorum
922 3094 1102 3221 quadrata
1145 3098 1375 3219 peccentur,
1403 3101 1496 3219 quia
1522 3102 1659 3191 omnia
1697 3102 1788 3195 sunt

353 3223 588 3344 affirmativa
970 3329 976 3341 .
1387 3242 1388 3246 ‘

397 3335 1741 3453 &c÷16†9÷4†r†0÷1†4†9†16÷&c

353 3458 429 3545 etit
460 3490 487 3545 0
518 3489 669 3579 quoque
700 3458 878 3549 transitus
915 3486 1170 3547 numerorum
1214 3458 1542 3545 affirmativarum
1574 3458 1785 3548 decrescen-¹

355 3580 459 3664 tium
486 3576 535 3664 ad
564 3581 818 3668 affirmativus
847 3579 1079 3693 crescentem
1107 3602 1222 3695 atque
1252 3576 1283 3661 fi
1312 3576 1417 3693 srgna
1446 3574 1674 3691 mutentur,
1704 3580 1783 3668 erit

355 3726 507 3817 quoque
538 3729 564 3785 0
595 3700 773 3792 transitus
804 3726 1058 3785 numerorum
1087 3696 1361 3810 negativarum
1399 3696 1695 3814 decrescentium
1734 3701 1781 3789 ad

354 3814 555 3931 negativos
584 3817 844 3906 crescentem·
1257 3835 1261 3850 “
1323 3918 1330 3931 .
1468 3918 1473 3927 ¹
1543 3841 1594 3882 =·
1638 3846 1643 3851 ·

472 3952 546 4045 9'90
604 3938 647 4027 Si
677 3936 788 4029 series
818 3934 1074 4033 confideretur
1089 4000 1109 4048 ‚.
1143 3934 1254 4023 cuius-
1295 3936 1482 4023 terminus
1511 3927 1698 4053 generalis
1728 3936 1782 4024 est

355 4064 453 4168 Vx,
481 4082 577 4173 quae
606 4054 727 4145 etiam
756 4082 865 4151 retro
891 4054 1119 4145 continuata
1147 4052 1225 4141 crit
1255 4054 1495 4145 nunnoni·

385 4196 1227 4311 ae.÷v-3÷v-2†v-1÷0rv1
1244 4200 1354 4301 aa
1369 4198 1778 4329 anemae„

357 4374 405 4431 ex
437 4370 513 4465 qua
542 4368 649 4463 patet
679 4374 745 4459 o,
782 4374 934 4465 qnoque
973 4366 1157 4463 tanquam
1186 4334 1362 4432 limitem
1391 4342 1619 4432 consrderari
1651 4342 1782 4466 possej

315 4466 320 4471 ’
358 4492 426 4582 pet
492 4490 581 4550 uem
608 4492 633 4547 a
661 4464 945 4600 quantitatibus
979 4466 1147 4553 realibus
1183 4465 1231 4549 ad
1261 4463 1489 4579 imaginaria
1529 4460 1781 4560 transnatur·

358 4582 401 4670 Si
446 4493 508 4667 isi
555 4583 717 4669 termini
762 4609 946 4702 tanquam
982 4614 1032 4706 ap
1059 4583 1196 4673 licatae
1234 4614 1439 4672 curvarum
1468 4583 1779 4701 confiderentur,

359 4698 623 4821 perspicitur,
662 4700 691 4787 st
721 4730 787 4789 tae
816 4700 959 4789 suerint
1073 4705 1244 4795 maritae
1273 4724 1391 4823 atque·
1417 4700 1583 4823 eousque
1605 4706 1778 4795 decreve-

359 4818 441 4905 rint
471 4844 515 4905 ut
545 4822 701 4911 tandem
731 4819 991 4939 evanescant,
1029 4851 1114 4917 tum
1154 4853 1214 4913 aaa
1247 4818 1415 4932 ulterius
1443 4820 1682 4917 continuatas
1712 4820 1779 4913 ves

358 4936 446 5027 fieri
473 4935 701 5061 negativas,
730 4940 795 5035 vel
825 4940 970 5038 iterum
997 4944 1249 5048 affirmativas
1277 4942 1344 5061 vel
1372 4944 1467 5033 adeo
1506 4940 1749 5147 imagiparias
1763 5004 1777 5054 t

1518 5085 1521 5091 ·
1602 5070 1712 5152 lem
