4909 6334
894 792 1080 879 CA?
1098 796 1141 879 U
1164 794 1210 879 T
1233 792 1343 881 ..lm
1708 822 1768 907 sp
1840 834 1843 839 ·

400 966 599 1085 partium,
640 963 792 1087 quihus·
820 968 957 1057 datum
1000 972 1177 1106 quodue
1221 952 1406 1058 maieriae
1452 968 1612 1059 frustum
1642 974 1790 1063 constat
1806 1044 1830 1089 ,

396 1118 537 1175 revera-
568 1086 644 1175 erit
672 1086 879 1204 infinitus,
908 1090 945 1177 si,
967 1121 1073 1177 emm
1103 1002 1330 1179 ilatueretut
1361 1088 1520 1203 linitus,
1552 1092 1713 1179 materia
1744 1126 1822 1181 cer·

401 1232 441 1293 te
478 1237 558 1293 non
586 1206 630 1293 iu
657 1204 865 1299 infinitum
894 1207 1008 1297 soret.
1026 1208 1259 1297 divisibilis.
1290 1207 1425 1297 Simili
1456 1210 1576 1297 modo
1607 1212 1634 1295 si
1666 1211 1838 1301 univesa

396 1321 456 1412 sus
481 1327 651 1417 muudus
676 1326 765 1415 esset
793 1328 1088 1441 infinitus,·uti
1119 1328 1293 1448 pluribus
1323 1326 1497 1447 placuit,
1527 1360 1707 1419 numerus
1736 1364 1832 1419 cor--

396 1474 540 1649 porum
582 1446 774 1534 mundum
791 1448 1142 1585 oompontiitium.
1163 1447 1296 1536 fiuitui
1327 1474 1436 1537 cette
1459 1447 1537 1535 else
1559 1480 1649 1542 uon¹
1670 1450 1826 1571 pulset,

414 1592 574 1684 oretque
604 1564 711 1653 ideo-1
720 1596 879 1684 quoque
903 1567 1118 1655 uifinitus..
1620 1657 1624 1667 .

519 1693 596 1798 76..
641 1690 756 1771 Haec
788 1684 959 1773 etiamsi.
992 1690 1098 1771 inter
1143 1683 1180 1771 se'
1223 1714 1402 1803 pugnare·
1429 1684 1662 1801 videamur,
1694 1712 1820 1777 tameo

396 1801 427 1886 si
455 1804 665 1893 attentius
709 1806 1018 1924 perpendamus,
1047 1834 1071 1888 a
1099 1802 1247 1893 cunslis
1276 1804 1538 1891 incommodis
1568 1804 1723 1895 liberari
1782 1838 1824 1893 o-

396 1946 529 2010 teruut
543 1984 567 2011 ..
599 1922 685 2043 Qui
703 1994 708 2003 .
731 1926 839 2011 euim
877 1924 1009 2011 statuit
1049 1923 1265 2013 materiam.
1285 1922 1338 2011 in·⁸
1357 1922 1571 2011 infinitum.
1590 1924 1675 2013 else·
1690 1922 1836 2013 divisi·-

396 2038 546 2157 bilem,
591 2042 626 2131 is
667 2070 788 2157 negat·
826 2042 870 2129 in
912 2042 1102 2129 diuifioiie
1143 2042 1332 2131 materiae
1359 2042 1546 2131 continua
1575 2074 1745 2163 uuquam
1775 2046 1822 2135 ad

396 2186 524 2289 patoes
567 2186 660 2249 tani
688 2190 832 2281 punias
867 2163 1113 2283 perveniri,
1131 2191 1240 2279 quae·
1257 2160 1419 2251 ulterius
1449 2162 1577 2251 dividi
1604 2188 1793 2286 nequeant
1811 2196 1833 2249 :·

394 2278 540 2367 nullas
565 2308 667 2396 eigo
688 2279 876 2372 'mateiia
891 2280 1061 2367 habebit.
1080 2306 1233 2401 partes,
1264 2279 1425 2371 ulterius
1455 2280 1699 2397 individuas3
1731 2314 1822 2369 cum

392 2396 575 2515 singulae
608 2397 856 2519 particulae,
889 2401 963 2485 id:
981 2430 1072 2517 quas
1112 2428 1180 2517 per
1218 2399 1448 2485 continuam
1477 2398 1710 2487 divisionem
1740 2401 1824 2487 iam

392 2515 444 2603 sit
483 2542 750 2637 perventum,
793 2516 1036 2605 ulterius-se
1081 2515 1282 2605 subdividi·
1319 2516 1542 2637 patiantur..
1575 2518 1661 2635 Qui
1691 2518 1824 2633 igitur

392 2634 493 2723 dicit·
537 2638 614 2723 lioc
658 2634 753 2723 casu.
785 2666 1000 2725 munerum
1036 2636 1208 2755 partium
1254 2630 1337 2721 sore
1366 2634 1601 2749 inlinitum,
1629 2636 1663 2724 is
1694 2664 1821 2757 partes

391 2751 581 2869 ultimas,
622 2784 721 2874 quae
763 2754 925 2843 ulterius
971 2756 1047 2841 siut
1091 2752 1341 2867 individuae,
1386 2754 1609 2869 intelligit,
1638 2756 1696 2843 ad.
1730 2788 1821 2874 quas

393 2900 485 2960 uum
514 2902 722 2991 nunquam
742 2874 1018 2993 perveniatur,
1048 2876 1093 2957 bt
1117 2902 1214 2991 quae
1247 2898 1451 2993 propterea
1482 2873 1610 2979 nullae
1641 2874 1727 2961 sunt
1742 2940 1757 2987 ,
1787 2876 1821 2963 is

392 2992 464 3079 has
509 2990 606 3111 ipsas
650 3016 803 3111 paries„
847 3020 943 3111 quoe
990 2990 1120 3109 nullae
1165 2989 1290 3103 sunt,
1326 3020 1540 3079 numerare*
1556 3016 1745 3081 conatur.
1776 2994 1819 3083 si

393 3110 508 3197 euim·
546 3109 710 3197 materia
754 3110 835 3195 sine
878 3110 956 3195 line
998 3109 1202 3197 continuo
1235 3108 1398 3199 ulterius
1444 3108 1635 3200 subdividi
1665 3112 1790 3229 potest
1804 3180 1831 3227 „

393 3228 565 3349 partibus
608 3228 826 3315 individuis.
864 3226 939 3315 seu.
957 3228 1194 3348 finiplicibus
1223 3226 1377 3347 prorsus
1407 3256 1510 3315 caret
1528 3262 1551 3315 ε·
1569 3260 1691 3351 neque
1721 3232 1815 3321 adeo

394 3348 600 3468 quicquam
645 3345 807 3467 superesi
821 3414 844 3459 ,.
877 3348 991 3466 quod.
1011 3347 1206 3433 numerari
1225 3372 1376 3465 queat.
1406 3350 1519 3435 Hanc
1549 3352 1602 3433 ob
1632 3376 1717 3435 rem
1749 3350 1814 3468 qui

392 3447 602 3553 ma‘teriam
645 3466 699 3551 in.
734 3466 943 3553 inlinitum
978 3464 1226 3552 divisibilem.
1261 3464 1422 3581 statuit,
1466 3464 1499 3551 is
1530 3466 1644 3553 simul
1674 3494 1816 3581 negat,

395 3584 603 3671 materiam
631 3616 682 3671 ex
712 3584 886 3705 partibus
916 3584 1153 3703 simplicibus
1182 3582 1263 3671 esse
1283 3582 1541 3703 compositam
1556 3646 1580 3670 .,

518 3733 588 3817 77.
647 3704 780 3822 Quod.
811 3704 846 3786 sr
870 3730 1030 3819 autem,
1057 3705 1158 3790 dum.
1179 3702 1238 3789 de·
1255 3700 1427 3823 pastibus
1455 3702 1622 3791 alicuius.
1644 3698 1818 3822 corporis

395 3820 473 3909 ‘seu-
507 3824 695 3911 materiae
739 3820 968 3941 loquimur,
1012 3852 1092 3909 non
1134 3820 1297 3911 ultimas
1341 3818 1413 3909 seu.
1433 3820 1651 3941 simplices,
1680 3820 1821 3939 quippe

403 3968 500 4059 quae
544 3940 674 4029 nullae
715 3939 834 4055 -ffint,
872 3942 1165 4055 iiitelhgainus,
1195 3940 1255 4027 sed
1285 3970 1374 4053 eas,
1402 3970 1492 4059 quas
1520 3938 1660 4029 divifio
1689 3968 1822 4025 revera

397 4061 618 4181 produxit3
664 4086 752 4147 tum
797 4060 955 4147 admissa
983 4062 1055 4147 liae
1085 4058 1306 4177 hypothesi:
1326 4058 1385 4145 de·
1400 4058 1670 4147 divisibilitate
1700 4084 1820 4144 mate-

401 4180 482 4265 riae
526 4178 569 4265 in
600 4180 831 4293 inlinitum,
859 4179 1158 4315 unumquodque
1187 4177 1252 4264 uel
1283 4174 1496 4265 minimum
1526 4178 1712 4266 materiae
1743 4177 1820 4265 siu-

398 4294 499 4387 stum
545 4328 626 4385 non
673 4298 799 4386 solum
828 4298 871 4384 iii
901 4299 1088 4419 plurimas
1188 4322 1244 4383 tes
1272 4294 1465 4411 dissecari,
1495 4295 1555 4385 sed
1585 4297 1707 4383 etiam
1737 4294 1822 4383 nul·

396 4416 458 4504 lus
504 4446 684 4506 numerus
731 4444 814 4505 tam
857 4448 1020 4532 magnus
1117 4416 1240 4531 ignari
1271 4418 1447 4535 poterit,
1476 4447 1554 4533 quo
1585 4446 1664 4503 noti
1694 4416 1826 4504 maior

335 4547 338 4554 ’
401 4535 575 4655 partium
605 4568 654 4624 ex
686 4536 762 4624 illo
791 4533 911 4623 frusto
942 4534 1136 4622 sessorum.
1158 4564 1338 4626 numems
1369 4536 1549 4623 exhiberi
1582 4562 1694 4655 queat
1710 4600 1720 4621 .
1736 4543 1821 4627 Nu·

398 4680 526 4741 merus
568 4684 665 4771 ergo
710 4654 881 4774 partium
925 4686 1005 4743 non
1036 4651 1192 4776 quidem
1220 4655 1452 4743 ultimarum
1465 4709 1488 4772 ,2
1509 4654 1567 4743 sed
1598 4686 1693 4777 quae
1722 4652 1834 4775 ipsae·

395 4775 521 4859 adhuc
574 4776 651 4862 sint
707 4774 869 4862 ulterius
911 4774 1154 4889 divisibiles,
1198 4806 1294 4891 quae
1340 4776 1637 4895 unumquodque
1681 4802 1820 4891 corpus

389 4920 666 5011 =componunt,
705 4892 817 4984 omui
848 4924 1018 4983 numero,
1039 4894 1253 5008 assignabili
1283 4894 1357 4983 erit
1388 4896 1543 4985 maior.
1572 4894 1705 5100 Simili
1733 4922 1826 4989 mo·

1112 5018 1164 5101 il
1189 5044 1223 5101 2.
1706 5030 1772 5126 u,
