4909 6334
819 760 1131 843 CAPUT
1193 762 1274 849 Vll.
1622 771 1701 877 159

344 934 602 1058 quantitatem
632 936 786 1025 finitam
816 974 870 1055 q,
900 937 989 1055 quia
1019 938 1091 1023 hac
1123 938 1275 1029 ratione
1304 926 1499 1027 iudicatur
1523 937 1764 1033 sundlionem

346 1068 399 1175 Q
418 1058 500 1143 sola
526 1054 552 1141 ‘ri
582 1050 703 1177 po'fitai
748 1056 928 1143 variabili
974 1056 1269 1173 differentiari,
1315 1084 1473 1177 tumque
1512 1058 1767 1149 differentiale

347 1208 412 1295 per
443 1179 492 1261 da
521 1177 645 1265 dividi
674 1178 835 1263 debere.

465 1326 559 1407 232.
623 1298 798 1381 Utamur
844 1324 935 1407 ergo
982 1294 1057 1379 hoc
1098 1290 1285 1381 scribendi
1316 1298 1465 1407 ruodo,
1494 1296 1642 1383 etiamst
1672 1300 1768 1387 alias

343 1415 641 1527 ambiguitatem
685 1415 818 1495 afferre
865 1412 1021 1529 possit,
1066 1440 1161 1529 quae
1207 1440 1337 1498 tamen
1383 1415 1451 1501 hic
1491 1446 1557 1530 per
1586 1417 1768 1504 clausulas

342 1536 540 1642 evitatur,
572 1560 615 1615 ut
645 1536 821 1644 ambages
853 1531 894 1613 iu
923 1528 1172 1617 describendis
1212 1532 1493 1621 differentiaudi
1534 1536 1768 1623 conditioni·

342 1658 409 1739 bus
440 1651 673 1761 evitemus,
718 1650 839 1765 suque
885 1649 1055 1734 breviter
1102 1648 1475 1773 relationem'iutcr
1506 1658 1536 1738 P
1567 1657 1605 1738 8(
1637 1659 1691 1768 Q
1712 1653 1768 1740 ita

343 1849 472 1937 uerbis
502 1846 720 1967 exprimere
750 1844 994 1964 poterimus,
1025 1872 1068 1931 ut
1097 1844 1265 1933 dicamus
1295 1848 1367 1935 else
1396 1774 1768 2025 (θεᾶς)

1478 1966 1485 1989 '
1664 1966 1687 2013 x

340 2055 387 2133 lu
436 2044 656 2133 huiusmodi
703 2042 847 2131 scilicet
894 2040 1144 2131 stadiouibus
1189 1966 1480 2133 denominatos
1501 2074 1651 2165 praeter
1708 2080 1768 2134 ro-

340 2170 466 2283 priam
498 2160 857 2278 significationem,
898 2194 971 2280 qua
1002 2190 1225 2250 numerator
1255 2196 1324 2283 per
1354 2195 1443 2251 eum
1472 2166 1597 2251 dividi
1626 2080 1770 2280 deser,

340 2288 484 2371 indicat
515 2282 774 2371 numeratoris
804 2282 1061 2367 differentiale
1091 2282 1148 2367 ita
1177 2284 1248 2367 else
1278 2282 1534 2401 capiendum,
1565 2310 1609 2369 ut
1639 2316 1683 2371 ea
1712 2287 1770 2373 so·

338 2406 379 2490 la
408 2406 603 2521 quantitas
634 2400 740 2487 cuius
769 2398 1024 2485 differentiale
1053 2400 1391 2487 denominatorem
1420 2402 1656 2512 coustituit,
1687 2430 1769 2491 tan·

336 2552 452 2643 quam
498 2520 698 2605 variabilis
745 2515 958 2647 spesletur.
1017 2524 1109 2605 Hoc
1155 2520 1261 2604 enim
1290 2521 1409 2605 modo
1440 2549 1507 2636 per
1536 2518 1771 2611 divisionem
1838 2552 1843 2565 ·

337 2639 612 2730 dill'erentialia
646 2634 795 2757 prorsus
826 2667 876 2723 ex
906 2636 1055 2725 calculo
1085 2636 1355 2754 egredientur,
1384 2637 1770 2756 illaequesrasliones

377 2764 434 2846 dP
622 2760 708 2871 dQ
891 2836 898 2851 .
1218 2839 1225 2855 ,
1432 2836 1439 2852 .
1729 2839 1736 2853 .

335 2786 472 3034 (ἦ)
520 2786 737 3007 &s-Jx)
804 2837 1049 2925 exhibebunt
1095 2864 1327 2954 quantrtates
1372 2837 1540 2945 finitas,
1584 2868 1680 2955 quae
1724 2869 1769 2927 rn

338 3034 526 3151 praesenti
570 3032 652 3122 casu
693 3059 807 3120 eruut
844 3032 949 3119 iuter
981 3034 1015 3121 se
1044 3034 1243 3155 aequales.
1284 3040 1376 3121 Hoc
1406 3032 1534 3153 itaque
1564 3036 1683 3121 modo
1713 3066 1770 3122 re·

334 3180 450 3272 cepto
500 3154 736 3269 quantitates
783 3176 987 3273 quoquep
1017 3158 1055 3239 8(
1086 3190 1103 3241 s
1134 3154 1190 3241 ita
1219 3154 1403 3239 denotare
1434 3149 1568 3240 licebit
1601 3215 1614 3267 ‚
1646 3182 1691 3239 ut
1720 3154 1771 3239 srt

328 3378 357 3471 p
378 3383 432 3438 z
456 3276 576 3531 (ἐξ)
633 3356 673 3437 8(
734 3276 1003 3528 κερ-ἒς),
1038 3354 1070 3435 sr-
1098 3352 1257 3470 quidem
1286 3376 1329 3436 ut
1359 3350 1558 3436 monitum
1588 3351 1669 3463 est,
1697 3349 1771 3436 dis·

336 3549 562 3636 serentiatio
593 3548 854 3637 numeratoris
885 3466 951 3665 pir
980 3550 1320 3637 denominatorem
1350 3544 1624 3663 restringatur.

460 3700 555 3785 233.
620 3668 831 3755 Consentit
865 3670 956 3753 haec
988 3671 1200 3789 proprietas
1232 3664 1398 3752 mirifice
1436 3698 1526 3752 cum
1558 3667 1771 3787 proprieta-

338 3816 377 3875 te
410 3855 423 3899 ,
453 3820 568 3905 quam
601 3815 689 3875 ante
721 3788 763 3873 in
796 3786 1058 3877 suttslionibus
1089 3786 1344 3903 laomogeneis
1375 3784 1488 3871 inesse
1518 3788 1771 3875 ostendimus.

338 3908 399 3996 Sit
431 3908 537 3995 enim
571 3916 609 3994 V
641 3904 791 3993 sunrflio
824 3906 1066 4020 homogeuea
1096 3945 1121 3993 n
1150 3904 1433 3992 dimensionum
1450 3902 1613 4021 ipsarum
1632 3909 1771 4034 adep,

337 4056 581 4145 ponaturque
628 4030 696 4114 dV
722 4053 780 4138 ²⁶.-
806 4026 1092 4145 del-Qdy,
1138 4052 1253 4143 atque
1298 4021 1642 4109 demonstravimus
1688 4020 1771 4111 sore

337 4148 729 4264 anPx†Qy,
790 4144 950 4261 ideoque

474 4370 592 4482 Q:
624 4294 872 4559 ἔ-Ιίἓ.
935 4369 994 4459 Sit
1056 4370 1502 4487 szptlxl-rdy;

384 4641 391 4655 .
564 4565 622 4648 dP
760 4558 773 4567 ”
939 4645 946 4663 ,
1352 4570 1432 4683 dQ
1508 4646 1516 4661 .

340 4670 486 4757 eritque
521 4586 663 4835 (ᾗ)
692 4676 751 4723 =
779 4682 843 4757 r,
888 4678 950 4733 cur
996 4645 1151 4799 aequale
1197 4644 1266 4731 else
1312 4581 1463 4814 (ᾗ)
1504 4674 1560 4734 tta
1606 4648 1771 4738 ostende·

345 4864 444 4923 tur.
507 4840 807 4932 Differentietur
838 4844 1035 4961 onsrta
1081 4844 1159 4931 sola
1189 4880 1212 4927 a
1243 4846 1466 4960 variabili,
1512 4851 1550 4933 8(
1596 4848 1688 4965 quia
1729 4846 1770 4935 iu

1637 4966 1708 5051 hac
