4909 6334
733 710 815 774 210
1161 674 1600 767 CAPUTIX.

670 862 842 951 constans
871 856 942 947 esse
969 856 1174 945 assumtum
1206 857 1453 977 perhibetur,
1482 859 1560 946 boc
1588 856 1710 943 modo
1739 854 1870 942 statim
1898 856 2099 979 explorari

670 982 847 1103 poterit,
876 1008 1008 1067 utrum
1037 1008 1083 1065 ea
1119 975 1418 1063 determinatam
1447 976 1678 1064 relationem
1708 974 1812 1061 inter
1840 976 2045 1067 variabiles
2074 1016 2098 1064 a

671 1106 711 1187 dt
732 1138 767 1217 y
795 1100 1020 1209 contineat,
1049 1126 1118 1183 nec
1148 1126 1216 1182 ne.
1267 1094 1377 1211 Quia
1404 1094 1512 1181 enim
1541 1092 1694 1182 nullum
1724 1096 1979 1184 differentiase
2006 1128 2097 1187 con·

673 1220 770 1305 stans
814 1216 1043 1329 assumitur,
1070 1216 1112 1301 in
1158 1212 1325 1299 arbitrio
1355 1216 1485 1303 uoslro
1514 1212 1776 1333 relinquitur,
1803 1217 1998 1333 quodnam
2026 1214 2098 1303 dis·

677 1336 876 1425 ferentiale
905 1334 1079 1423 constans
1096 1362 1252 1539 ponere
1280 1332 1485 1443 velimus.,·
1513 1332 1682 1453 binaque
1709 1358 1866 1419 tantum
1895 1336 1971 1421 erit
1982 1332 2097 1455 dispi-

672 1456 878 1569 ciendum,
922 1478 1054 1545 utrum
1125 1452 1255 1541 iversts
1291 1451 1616 1539 differentialibus
1660 1451 1917 1539 constantibus
1963 1454 2097 1573 postis

671 1574 849 1695 aequatio
893 1574 1052 1661 eandem
1095 1570 1328 1659 relationem
1371 1572 1476 1660 inter
1514 1606 1543 1655 e
1586 1575 1678 1691 &y
1708 1572 1914 1659 exhibeat.
1944 1574 2095 1689 Quodsi

675 1726 755 1783 uon
801 1692 982 1805 eveniat,
1027 1718 1176 1779 certum
1207 1690 1260 1777 est
1290 1690 1469 1805 siguum,
1497 1690 1767 1809 aequationem
1796 1690 1947 1777 nullam
1975 1694 2100 1777 deter-

675 1814 867 1899 minatam
909 1810 1144 1897 relationem
1188 1808 1439 1929 exprimere,
1468 1809 1630 1927 ideoque
1658 1811 1702 1896 in
1732 1808 1927 1896 solutione
1956 1810 2100 1897 nullius

676 1930 929 2053 problematis
977 1929 1107 2017 locum
1140 1932 1279 2015 babere
1309 1926 1436 2047 posse.
1465 1928 1699 2015 Tutiffimus
1727 1954 1860 2016 autem
1889 1924 2027 2017 modus
2058 1930 2103 2014 sr-

675 2050 759 2137 mul
788 2080 833 2137 ue
865 2046 1073 2138 facillimus
1105 2050 1181 2137 hoc
1210 2046 1441 2165 explorandi
1470 2044 1548 2131 erit
1577 2046 1611 2138 is
1640 2046 1746 2183 ipse,
1776 2078 1891 2167 quem
1922 2046 2032 2166 supra
2058 2048 2101 2135 in

677 2082 799 2255 simili
846 2166 1006 2281 negotio
1074 2196 1119 2251 ro
1149 2164 1450 2287 expressionibus
1477 2164 1795 2253 differentiasibus
1823 2166 2013 2253 altiorum
2043 2198 2104 2253 or·

679 2288 844 2399 diuum,
890 2314 985 2373 uum
1031 2196 1134 2373 ἕως
1174 2287 1341 2371 habeant
1370 2282 1641 2401 fignificatus,
1683 2284 1948 2401 dignoscendis
1990 2285 2103 2373 tradi·

676 2406 824 2495 dimus.
1331 2480 1343 2501 .

806 2558 897 2641 302.
957 2522 1163 2643 Proposrta
1209 2554 1303 2639 ergo
1347 2520 1569 2618 huiusmodi
1598 2521 1827 2643 aequatione
1854 2522 2105 2611 differentiali

680 2644 829 2735 secundi
860 2642 1060 2732 altiorisve
1090 2642 1262 2757 ordinis,
1291 2644 1334 2729 iu
1362 2674 1436 2762 qua
1466 2645 1621 2735 nullum
1649 2643 1904 2731 differentiale
1933 2644 2105 2731 constans

681 2764 729 2851 stt
775 2762 972 2883 positum,
1017 2762 1203 2849 statuatur
1246 2762 1502 2853 differentiale
1540 2767 1592 2851 dn
1619 2762 1819 2876 constans3
1847 2763 1983 2851 deinde
2013 2764 2107 2850 haec

681 2884 890 3002 aequatio,
936 2882 996 2968 uti
1044 2880 1152 3001 supra
1195 2884 1243 2969 de
1265 2878 1571 3002 'expressionibus
1598 2881 1916 2971 differentialibus
1945 2880 2109 2968 ostendi·

681 3032 796 3114 mus,
841 3002 985 3089 iterum
1032 3004 1231 3089 reducatur
1273 3002 1322 3087 ad
1367 3002 1555 3091 eiusmodi
1600 2999 1801 3113 fornum,
1829 3030 1926 3121 quae
1955 2999 2111 3087 nullutn
2128 3066 2145 3089 a

686 3120 942 3209 differentiale
971 3120 1143 3205 constans
1174 3118 1390 3323 supponat,
1419 3117 1619 3211 statuendo
1648 3118 1795 3208 scilicet

1041 3314 1118 3433 ddy
1147 3360 1204 3431 -7
1237 3360 1394 3483 -ῑῑ-
1455 3316 1547 3405 loco
1608 3316 1730 3430 day,
1842 3322 1849 3341 ’

708 3522 713 3529 ’
814 3590 819 3603 .
965 3512 1164 3629 qddxddy
1295 3514 1486 3627 3dyddx'
1632 3514 1776 3627 dyd³x
2005 3617 2010 3624 ἐ

821 3602 834 3659 a
880 3636 941 3660 ....
958 3634 1162 3659 .-.....
1269 3636 1501 3659 -......
1528 3634 1591 3663 -..
1626 3636 1791 3659 ....-
2037 3604 2051 3661 t

680 3598 721 3683 ὃ(
783 3596 867 3713 dy
1034 3673 1093 3761 dx
1191 3594 1250 3695 -Ιπ
1329 3674 1425 3761 ,ἄν
1672 3673 1733 3763 dx
1849 3588 1939 3681 loon
1997 3594 2108 3710 dy,

1352 3793 1426 3881 &c

682 3916 781 4030 Quo
827 3908 929 3999 sasso
974 3906 1226 4030 dispiciatur,
1272 3936 1405 3998 utrum
1450 3909 1629 4032 aequatio
1668 3910 1746 4001 hoc
1774 3912 1895 3999 modo
1926 3908 2110 3999 resultans

680 4030 890 4121 conveniat
934 4060 1024 4117 cum
1063 4028 1291 4148 aequatione
1321 4032 1544 4151 propofita3
1573 4032 1676 4151 quod
1704 4032 1734 4117 st
1763 4032 1945 4145 eveniat,
1974 4060 2109 4148 aequa·

682 4150 743 4237 tio
788 4148 985 4269 proposita
1020 4148 1325 4237 determinatam
1371 4151 1603 4241 relationem
1632 4152 1736 4239 inter
1757 4188 1789 4237 -e
1816 4154 1855 4239 a<
1876 4186 1924 4270 y.
1937 4148 2109 4268 comple·

682 4268 845 4383 fletur,
891 4268 947 4355 sm
990 4294 1124 4353 autem
1170 4266 1271 4357 secut
1308 4269 1453 4357 accidat
1478 4334 1493 4385 ,
1521 4268 1701 4389 aequatio
1729 4270 1808 4383 erit
1838 4299 1964 4385 vaga,
1992 4298 2113 4385 neque

682 4386 882 4475 definitam
913 4387 1106 4475 rationem
1135 4386 1240 4473 inter
1268 4387 1473 4477 variabiles
1502 4427 1527 4479 a
1556 4394 1596 4475 dt
1615 4424 1651 4502 y
1680 4388 1904 4508 exprimet:
1933 4387 2111 4509 quemad·

687 4508 851 4593 modum
882 4508 959 4593 hoc
990 4506 1071 4593 iam
1100 4532 1189 4592 ante
1220 4502 1334 4595 fufius
1363 4508 1416 4595 est
1444 4508 1769 4595 demonstratum.

677 4696 680 4713 .
818 4658 909 4740 303.
972 4626 1064 4743 Sit,
1109 4650 1187 4744 quo
1236 4626 1315 4713 hoc
1348 4626 1510 4747 plenius
1539 4626 1797 4747 explicetur,
1814 4628 1909 4717 haec
1936 4623 2116 4747 aequatio

687 4744 923 4953 plrsopusrtha,2
957 4775 1054 4861 quae
1102 4744 1213 4863 utillo
1221 4816 1234 4865 3·
1247 4743 1509 4868 ¹dt'sleteutiali
1553 4744 1748 4889 conflante
1793 4748 1919 4868 posito
1964 4752 2118 4867 seperta

680 4896 760 4983 ee,
783 4896 851 4989 per
882 4894 896 4952 t
924 4889 1051 4953 eatur.
1409 4888 1417 4897 ·
