4909 6334
656 729 754 798 aun
1060 703 1545 792 PRAEFATIO.

591 914 686 1008 pora
730 887 911 970 inventus
929 877 988 992 srt
1030 877 1266 994 censendus.
1311 885 1421 969 Turn
1449 917 1542 971 veto
1570 883 1720 970 nillum
1747 881 1992 999 esldulium'
2002 912 2026 998 ,‘

598 1012 693 1122 quin
722 1025 950 1092 ΝΕυτοΝο
982 1033 1067 1086 earn
1097 1003 1238 1089 calculi
1266 997 1548 1120 differentialis
1571 1027 1760 1122 partem,
1789 1037 1891 1120 quae
1919 1009 2025 1092 circa

589 1122 808 1242 sunlliones
853 1123 1092 1208 irrationales
1136 1119 1349 1237 versatur,
1377 1147 1573 1244 acceptam
1603 1119 1755 1238 reserre
1783 1124 2028 1234 aebemus,-

592 1247 650 1334 ad
680 1273 795 1362 quant
826 1239 962 1359 infigni
980 1239 1057 1350 suo
1073 1243 1347 1328 ¹Theorentate
1376 1245 1425 1332 de
1454 1245 1672 1331 evolutione
1696 1247 1875 1362 generali
1914 1269 2023 1364 pote·

630 1393 736 1452 atum
769 1363 927 1450 liminii
946 1357 1130 1476 feliciter
1161 1363 1213 1475 esl
1242 1364 1444 1478 dedullus,
1473 1399 1545 1482 quo
1572 1367 1711 1452 enimin
1741 1367 1900 1450 invento
1919 1367 2025 1451 lirni-

596 1514 658 1574 tes
688 1483 828 1578 calculi
856 1473 1130 1595 differentialis
1161 1487 1241 1568 ianr
1273 1483 1439 1598 mirifice
1468 1510 1582 1570 nant
1611 1483 1869 1601 amplificati.
1898 1511 2026 1574 LEIB·

597 1631 734 1696 NIZIO
765 1628 895 1686 autem
927 1635 998 1686 non
1013 1599 1283 1716 minussurnus
1299 1603 1486 1714 obstricti,
1499 1607 1602 1720 quod
1613 1607 1714 1690 bunc
1728 1605 1941 1716 calculum,
1956 1637 2024 1688 an·

595 1726 709 1812 rabac
738 1747 893 1806 tantum
918 1723 1032 1840 prelut
1053 1720 1253 1840 fingulare
1274 1720 1494 1836 ¹artificium
1512 1721 1760 1844 spoliarunt,
1791 1727 1834 1808 in
1843 1720 2023 1838 soronam

597 1843 827 1962 disciplinae
871 1841 1092 1958 redegerit,
1138 1839 1298 1958 eiusque
1332 1865 1541 1959 praecepta
1569 1871 1758 1960 tanquam
1788 1847 1830 1926 in
1846 1841 2026 1960 syllerna

597 1963 825 2080 collegerit,
854 1991 899 2044 ac
930 1961 1097 2048 dilucide
1127 1963 1407 2080 explicaverit.
1427 1965 1541 2050 Hinc
1579 1967 1683 2051 enirn
1713 1965 1883 2048 maxima
1901 1960 2029 2074 sulfi-

599 2084 667 2172 dia
686 2079 1027 2198 suggerebantur,
1058 2081 1109 2166 ad
1138 2083 1237 2166 dunc
1265 2083 1453 2168 calculum
1483 2087 1643 2170 ulterius
1674 2083 1948 2194 excolendum,
1976 2076 2031 2166 (5

485 2235 487 2240 ·
598 2235 672 2314 ea,
701 2233 800 2316 quae
830 2199 952 2284 adbuc
983 2199 1326 2314 desiderabantur,
1357 2237 1403 2288 err
1431 2207 1547 2288 certis
1572 2206 1776 2323 principiis
1805 2201 2028 2288 elicienda.

597 2325 692 2406 Moe
721 2322 839 2438 igitur
856 2317 987 2434 fludio
1012 2351 1100 2406 cum
1129 2318 1242 2438 ipsus
1271 2347 1531 2436 arcemn,
1560 2350 1648 2407 eum
1676 2345 2027 2412 ucauourmo·

599 2465 706 2530 RUM
752 2439 805 2526 ad
849 2439 914 2525 hoc
959 2441 1008 2528 ab
1053 2473 1097 2526 eo
1138 2445 1408 2554 incitatarum,
1427 2443 1535 2557 fines
1562 2443 1720 2529 Calculi
1748 2436 2029 2555 differentialis

601 2563 722 2648 etiam
769 2557 823 2652 ad
855 2554 1072 2670 sunlliones
1103 2559 1464 2672 transcendentes,
1492 2585 1709 2676 quaepers
1738 2561 1864 2644 adbuc
1883 2555 2031 2670 suerat

598 2679 776 2787 inculta,
793 2672 896 2786 sunt
922 2679 1113 2795 promoti,
1140 2705 1224 2764 turn
1255 2711 1347 2764 vero
1377 2682 1498 2764 etiam
1519 2677 1761 2795 solidiffitna
1780 2674 2026 2793 fundamen·

598 2827 643 2884 ta
682 2795 839 2880 Calculi
884 2798 1081 2916 integralis
1111 2797 1349 2910 corstituta;
1378 2798 1515 2916 quibus
1545 2797 1791 2912 insslantes,
1818 2801 1888 2912 qui
1918 2798 2028 2882 deinc

599 2939 685 3036 ceps
730 2918 771 3001 in
810 2915 882 3002 ¹boc
923 2949 1065 3032 genere
1105 2919 1384 3030 elaborarunt,
1412 2923 1588 3004 continuo
1618 2922 1763 3004 maiora
1793 2919 2032 3002 incrementa

601 3035 834 3124 addiderunt
851 3077 867 3118 .·
892 3060 1140 3122 ΝΕυτοΝυε
1171 3067 1263 3120 vero
1293 3039 1415 3119 etiam
1445 3035 1682 3152 amplrffima
1710 3037 1876 3121 dederat
1896 3033 2029 3151 speci·

602 3157 711 3240 mina
767 3151 927 3236 Calculi
983 3143 1183 3269 integralis
1214 3217 1227 3262 ,
1273 3157 1378 3237 cuius
1418 3159 1550 3270 prima
1594 3157 1814 3265 inventio,
1868 3183 1958 3237 cum
2004 3183 2030 3235 a

593 3275 725 3392 prima
778 3274 921 3388 origine
976 3273 1115 3358 calculi
1170 3263 1449 3385 differentialis
1503 3277 1577 3358 viu
1619 3271 1808 3392 separari
1864 3298 2030 3387 queat,

602 3422 674 3478 non
729 3391 788 3475 ita
842 3386 1013 3502 absolute
1068 3391 1244 3504 constitui
1291 3393 1466 3508 potesl;
1520 3390 1575 3479 (9‘
1626 3395 1809 3510 quoniam
1857 3393 2030 3496 maxima

600 3515 680 3600 rius
720 3533 812 3626 pars
857 3509 980 3594 adbuc
1026 3510 1229 3598 excolenda
1273 3511 1436 3624 restat,
1486 3512 1550 3598 bie
1604 3513 1773 3598 calculus
1828 3543 1878 3594 ne
1933 3539 2032 3593 nunc

601 3629 758 3748 quidem
799 3650 868 3744 pro
913 3627 1085 3740 absolute
1114 3613 1274 3716 inirento
1311 3632 1446 3716 haberi
1469 3631 1624 3747 potest;
1643 3629 1727 3745 sed
1752 3635 2030 3748 potiusquan·

600 3777 684 3834 anm
724 3749 860 3862 cuique
893 3769 964 3866 pto
1001 3749 1149 3836 viribus
1188 3747 1243 3832 ad
1280 3751 1359 3832 eius
1394 3746 1681 3865 persellionern
1727 3745 1909 3863 conferre
1950 3781 2034 3832 con·
2085 3815 2090 3822 .

599 3869 765 3985 tigerit,
811 3866 855 3952 id
895 3893 1012 3984 grata
1056 3893 1187 3952 mente
1228 3864 1430 3982 agnoscere
1461 3867 1660 3959 dedemus.
1689 3875 1829 3982 Atque
1858 3867 1952 3953 baec
1982 3867 2033 3952 de

595 3989 720 4105 gloria
765 3987 996 4072 inventionis
1042 3987 1152 4073 huius
1195 3987 1335 4072 calculi
1377 3987 1549 4076 tenenda
1579 3983 1660 4104 ff·
1691 3987 1844 4098 iudico,
1874 3987 1926 4072 ale
1953 4013 2033 4101 qua

601 4106 757 4222 quidem
802 4107 965 4192 antebac
994 4131 1193 4224 tantopere
1240 4107 1294 4218 esl
1322 4105 1611 4225 disceptatum·
1654 4109 1778 4242 Q‘l
1807 4133 1937 4192 arnam
1979 4103 2032 4189 ad

599 4227 714 4309 varia
744 4225 925 4337 nomina,
954 4259 1053 4341 quae
1082 4227 1143 4336 isti
1181 4227 1327 4310 calculo
1357 4259 1382 4311 a
1411 4223 1662 4334 diversatum
1693 4229 1893 4312 nationum
1938 4225 2032 4306 Ma·

601 4343 821 4430 thematicis
852 4347 993 4461 imponi
1026 4343 1191 4457 solent,
1230 4347 1405 4460 artirnt,
1435 4381 1482 4432 ea
1510 4350 1635 4438 annia
1664 4345 1738 4434 buc
1759 4336 1958 4454 redeunt,
1987 4368 2033 4425 ut

600 4492 686 4548 cum
724 4461 827 4546 data
873 4465 935 4550 bic
980 4465 1203 4579 definitione
1250 4471 1400 4583 egregie
1428 4465 1702 4578 consentiant:
1723 4463 1814 4579 sive
1844 4465 1948 4549 enirn
1978 4463 2034 4544 in·

599 4609 795 4668 crementa
840 4585 913 4666 illa
958 4581 1260 4695 evanescentia,
1290 4616 1447 4700 quorum
1476 4588 1577 4670 ratio
1604 4583 1890 4697 confidentur,
1919 4573 2035 4694 disse·

597 4701 782 4790 rentialia
826 4728 1036 4815 vocentur,
1072 4702 1162 4814 five
1179 4699 1400 4816 sturiones,
1431 4739 1477 4790 ea
1495 4703 1658 4820 semper
1687 4705 1807 4789 nihilo
1849 4700 2032 4814 aequalia

588 4818 690 4932 sunt
723 4819 1009 4939 intelligenda‚·
1054 4825 1095 4906 in
1124 4854 1196 4936 quo
1224 4847 1321 4908 vera
1350 4827 1451 4910 notio
1471 4825 1638 4940 infinite
1661 4845 1871 4939 parvorum
1898 4817 2028 4928 consli-

480 4989 484 4994 ·
597 4943 657 5022 tui
702 4940 858 5046 dedet.¹
887 4944 992 5026 Hinc
1021 4975 1113 5072 vero
1144 4946 1265 5026 etiam
1295 4948 1450 5056 omnia,
1479 4975 1579 5060 quae
1607 4942 1660 5030 dc
1677 4933 2022 5058 ,differentialibue
