4909 6334
711 754 768 833 66
1130 738 1574 830 CAPUTIII.

656 926 748 1047 quia
795 926 873 1011 dx'
918 916 1110 1009 evanescit
1140 944 1231 1034 prae
1261 917 1290 1003 d
1303 928 1383 1031 κ’,
1413 914 1471 1003 uti
1502 914 1755 1004 ostendimus.
1786 920 1953 1037 Hocque
1969 914 2090 1007 etiarn

648 1048 692 1135 in
749 1040 1035 1161 exponentibus
1077 1034 1209 1125 baetis
1253 1036 1369 1123 habet
1399 1034 1577 1151 locumj
1607 1035 1664 1123 ita
1687 1039 1745 1127 da
1773 1034 1968 1125 evanescet
2000 1066 2087 1159 prae

649 1226 763 1315 vas
791 1220 853 1307 seu
883 1177 969 1307 aa&
988 1285 1002 1333 ‚
1024 1217 1182 1333 aitque
1223 1206 1790 1338 aras-tramea„
1843 1217 1994 1335 Quodn
2024 1248 2087 1306 au.

651 1369 735 1431 tem
770 1368 968 1461 exponens
998 1337 1112 1456 ipfius
1142 1338 1202 1423 dn
1248 1334 1405 1420 fit=o
1438 1394 1474 1449 ‚„
1498 1336 1577 1423 erit
1624 1337 1821 1423 deoc-..1
1852 1356 1881 1451 ‚'
1911 1341 2088 1455 quamvis

649 1464 698 1553 fit
732 1448 921 1571 dx::0;
950 1452 1046 1543 hinc
1075 1456 1241 1575 potestas
1271 1456 1392 1566 dua,
1417 1482 1512 1543 eum
1542 1452 1612 1557 fiat
1642 1480 1768 1567 =1‚
1797 1454 1825 1539 fi
1853 1452 1904 1541 'stt
1933 1473 2087 1571 azo,

654 1612 705 1671 ex
740 1578 854 1667 finita
883 1574 1015 1664 statim
1044 1574 1092 1661 fit
1121 1574 1316 1691 quantitas
1347 1570 1502 1659 infinite
1532 1602 1677 1693 parva,
1707 1596 1821 1691 atque
1847 1604 2048 1695 exponens
2063 1608 2091 1663 a

658 1699 794 1789 nihilo
825 1696 873 1784 fit
902 1695 1056 1783 maior.
1102 1694 1211 1781 Hinc
1257 1718 1350 1805 ergo
1390 1690 1544 1779 infiniti
1584 1690 1737 1779 ordines
1766 1694 1922 1781 infinite
1952 1726 2090 1815 parvo-

663 1850 754 1910 rum
786 1814 987 1927 existunt,
1015 1842 1113 1933 quae
1142 1810 1211 1899 etfi
1243 1808 1378 1897 omnia
1408 1809 1483 1897 fint
1512 1844 1621 1925 zo,
1653 1837 1783 1899 tamen
1814 1812 1918 1899 inter
1948 1816 1985 1903 se
2002 1844 2090 1936 pro·

659 1944 708 2029 be
737 1934 926 2048 distingui
955 1934 1123 2044 debent,
1163 1931 1190 2015 fi
1221 1932 1269 2017 ad
1300 1960 1432 2017 earum
1462 1928 1694 2019 relationem
1725 1956 1903 2019 mutuam
1935 1998 1949 2046 ‚
1994 1964 2089 2053 quae

656 2089 726 2181 per
756 2048 1264 2171 rationemgeometricam
1293 2048 1541 2167 explicatur,
1571 2051 1837 2139 attendamus.

777 2204 847 2283 90.
911 2170 1096 2260 stabilita
1125 2168 1292 2257 notione
1338 2168 1495 2254 infinite
1540 2196 1751 2287 parvorum
1790 2168 1940 2258 facilius
1980 2172 2090 2261 indo·

654 2296 735 2387 lem
784 2286 1035 2381 infinitorum
1078 2288 1144 2376 seu
1175 2286 1331 2377 infinite
1354 2316 1594 2403 magnonem
1615 2318 1817 2407 exponere
1847 2290 2090 2409 poterimus}

661 2480 819 2565 Notum
846 2468 900 2559 est
932 2465 1114 2559 valorem
1143 2463 1344 2557 lanionis
1379 2436 1424 2633 ἑ-
1455 2498 1504 2557 eo
1547 2466 1742 2557 maiorem
1784 2468 1941 2557 evadere
1956 2536 1977 2587 ,¹
2010 2458 2092 2589 qud

652 2670 780 2787 tnagis
830 2666 1074 2757 diminuatur
1117 2664 1394 2755 denominator
1438 2698 1491 2781 z3
1537 2696 1651 2785 quare
1677 2666 1709 2751 -fi
1740 2698 1767 2752 z
1792 2666 1865 2755 fiat
1894 2658 2091 2788 quantitas

657 2790 773 2881 omni
808 2784 1025 2901 alfignabili
1056 2785 1275 2903 quantitate
1298 2786 1466 2897 minor,
1496 2782 1557 2871 seu
1588 2784 1743 2871 infinite
1773 2814 1920 2905 parva,
1948 2788 2090 2875 necelle

661 2970 715 3057 est
744 2993 791 3055 ut
822 2964 938 3053 valor
966 2962 1166 3051 fradlionis
1195 2936 1243 3119 ἐ
1275 2965 1345 3051 fiat
1376 2962 1486 3052 onrni
1508 2962 1731 3079 -alfignabili
1760 2954 1980 3083 quantitate
2009 2994 2091 3055 ma·

663 3167 758 3277 ior,
787 3163 950 3280 ideoque
978 3158 1182 3253 infinitus.
1213 3164 1487 3277 Quamobrem
1518 3164 1545 3247 fi
1571 3162 1704 3252 unitas
1735 3162 1796 3249 seu
1826 3166 1982 3284 quaevis
2012 3164 2087 3251 alia

661 3282 855 3403 quantitas
900 3276 1014 3367 finita
1052 3276 1254 3367 dividatur
1295 3312 1362 3403 per
1392 3280 1547 3371 infinite
1572 3310 1742 3401 parvum
1772 3280 1832 3369 seu
1861 3317 1919 3399 ο,
1949 3310 2087 3403 quotus

661 3402 739 3489 erit
785 3398 943 3489 infinite
972 3426 1166 3511 magnus,
1198 3400 1361 3521 ideoque
1390 3399 1584 3519 quantitas
1615 3401 1798 3509 infinita.
1828 3406 1935 3491 Cum
1967 3404 2088 3518 igitur

655 3524 737 3611 lroc
783 3519 933 3634 fignurn
959 3550 1031 3615 00
1057 3515 1216 3606 denotet
1262 3519 1521 3639 quantitatem
1563 3520 1721 3609 infinite
1764 3550 1947 3637 magnam
1962 3588 1986 3637 ,.
2021 3522 2093 3609 illa

663 3698 870 3788 habebitur
899 3693 1079 3817 aequatio
1135 3672 1356 3863 (ἧι-’ρο
1373 3732 1385 3813 ;
1403 3670 1524 3835 leuius
1553 3696 1695 3789 veritas
1725 3728 1876 3819 quoque
1906 3698 1998 3788 hinc
2026 3724 2085 3820 pa·

665 3988 757 4074 tet,
785 3958 889 4079 quod
920 3956 968 4043 fit
997 3954 1228 4046 invertendo
1253 3934 1611 4135 έεᾰκεο.
1642 3964 1824 4079 Namque
1854 3992 1931 4080 quo
1961 3945 2090 4099 maior:

668 4207 850 4307 statuitur
879 4209 1079 4303 fradlionis
1142 4194 1188 4381 ,Ξ
1220 4214 1497 4307 denominator
1527 4255 1576 4333 z,
1613 4251 1664 4309 eo
1692 4218 1827 4309 minor
1856 4220 1903 4307 fit
1921 4216 2093 4331 ¹fradlio·a

668 4414 736 4503 nis
785 4411 945 4528 valor,
989 4436 1104 4531 atque
1146 4414 1176 4499 fi
1223 4450 1250 4505 z
1295 4417 1364 4503 fiat
1409 4416 1602 4539 quantitas
1646 4418 1800 4509 infinite
1844 4448 1984 4537 magna
2028 4416 2087 4505 seu

670 4626 867 4709 2:00,
895 4599 1036 4689 naen
1064 4600 1146 4714 aa,
1174 4624 1219 4687 ut
1249 4598 1448 4691 aaaron
1478 4603 1590 4691 vnn
1626 4576 1685 4677 3.
1700 4600 1767 4689 aa
1783 4598 1935 4687 inante
1950 4624 2089 4721 parvus
2190 4616 2197 4625 ·

787 4804 858 4905 91'.
926 4794 1013 4911 Qui
1048 4796 1241 4893 utrumvis
1270 4798 1418 4925 horum
1445 4797 1744 4897 ratiociniorum
1773 4794 1972 4917 negaverit
2002 4822 2096 4923 esrtn¹

1982 5006 2026 5067 rn
