4909 6334
862 796 1297 881 CAPUTIV.
1697 826 1753 909 95

375 977 513 1089 Quare
542 971 569 1057 st
600 968 855 1061 differentiale
886 973 1128 1093 propositum
1162 970 1279 1057 fuerit
1311 970 1465 1059 infinite
1505 1002 1669 1093 parvum
1700 978 1802 1065 ordi·
1933 988 1938 1004 “

373 1093 435 1179 nis
464 1124 534 1203 n,
579 1090 663 1179 eius
707 1090 898 1206 integrale
939 1093 1014 1178 erit
1059 1091 1215 1177 infinite
1263 1120 1425 1209 parvum
1456 1094 1602 1179 ordinis
1634 1126 1801 1209 n-1;

267 1236 284 1262 ·,
375 1208 545 1328 hincque
575 1210 635 1296 uti
664 1209 961 1297 differentiando
991 1210 1089 1296 ordo
1119 1208 1274 1295 infinite
1304 1238 1514 1327 parvorum
1542 1238 1726 1325 augetur,
1744 1212 1803 1299 ita

374 1327 639 1442 integratione
667 1329 716 1413 ad
744 1329 899 1415 ordines
928 1327 1130 1415 inferiores
1160 1326 1450 1447 progredimur,
1478 1330 1599 1416 donec
1629 1330 1676 1415 ad
1705 1330 1717 1415 i
1749 1328 1804 1439 sas

373 1447 614 1564 quantitates
643 1445 774 1533 linitas
830 1446 1092 1533 erveniamtts.
1122 1448 1191 1535 Sin
1231 1472 1360 1531 autem
1399 1448 1632 1564 quantitates
1674 1446 1803 1535 finitas

371 1567 495 1651 denuo
525 1564 720 1678 integrare
749 1478 944 1677 veiimus,
974 1591 1061 1651 tunt
1090 1561 1292 1651 secundum
1321 1564 1420 1649 hanc
1450 1564 1575 1679 legem
1605 1566 1801 1685 pervenie-

370 1714 460 1770 mus
491 1684 538 1769 ad
567 1682 805 1801 quantitates
835 1682 991 1771 infinite
1020 1712 1214 1796 magnas,
1243 1686 1292 1767 ab
1323 1684 1536 1801 harumque
1575 1684 1804 1799 integratio·
1920 1788 1924 1793 ¹

373 1831 423 1888 ne
469 1800 645 1887 instituta
687 1794 734 1887 ad
778 1801 1014 1919 quantitates
1058 1803 1182 1887 adhuc
1228 1800 1415 1887 infinities
1456 1802 1650 1915 maiores,
1680 1802 1803 1921 sicque

375 1920 657 2039 proorodiendo
685 1918 948 2007 obtinebimus
978 1919 1122 2006 similes
1152 1918 1401 2005 infinitorum
1431 1920 1605 2035 ordines,
1634 1944 1802 2041 quorum

371 1990 529 2155 quisque
557 2038 845 2159 praecedentem
872 2037 1062 2124 infinities
1091 2038 1260 2242 stt‘pqrat.

494 2184 596 2263 ι44.
657 2156 832 2275 Superest
861 2183 906 2242 ut
936 2158 980 2242 in
1010 2158 1089 2243 hoc
1179 2158 1263 2275 pite
1291 2158 1476 2273 quaedam
1504 2156 1551 2244 de
1580 2162 1648 2244 usu
1677 2158 1803 2274 ligno·

371 2302 458 2381 rum
486 2299 647 2395 recepto
685 2304 943 2389 moneamus,
973 2304 1022 2360 ne
1060 2274 1312 2388 ambiguitati
1343 2274 1445 2362 ullus
1475 2274 1582 2363 locus
1612 2276 1807 2394 relinqua-v

370 2418 457 2481 tur.
485 2398 551 2479 Ac
582 2392 716 2511 primo
746 2393 902 2511 quidem
931 2393 1083 2505 signum
1110 2391 1449 2479 differentiationis
1479 2396 1508 2479 d
1538 2420 1692 2479 tantum
1721 2398 1801 2481 affi-

369 2509 428 2598 cit
456 2507 633 2597 litteram
669 2509 899 2597 immodr‘ate
927 2508 1145 2629 sequentem
1176 2508 1321 2595 solam:
1350 2510 1400 2597 stc
1429 2510 1500 2615 dm
1521 2538 1611 2597 non
1640 2512 1801 2598 denotat

369 2626 626 2714 diffetmtiale
664 2626 842 2748 produnt
883 2656 964 2742 rap,
993 2628 1053 2714 sed
1097 2626 1354 2715 differentiale
1384 2626 1499 2746 ipsius
1528 2660 1552 2719 tr
1582 2628 1801 2751 peripsam

372 2744 686 2865 quantitatemy
715 2746 1052 2867 multiplicatum.
1080 2746 1191 2835 Solet
1206 2770 1361 2861 autem,
1390 2744 1598 2863 quominus
1627 2748 1801 2835 confuto

372 2863 576 2978 nasottur,
620 2864 866 2983 quantitasy
894 2890 987 2953 ante
1030 2865 1181 2979 signum
1211 2864 1240 2950 d
1269 2862 1346 2950 hoc
1386 2864 1506 2949 modo
1548 2862 1660 2951 scribi
1695 2868 1803 2983 yde,

373 3012 453 3101 quo
489 2982 718 3100 produslum
747 3012 798 3067 ert
824 3016 853 3097 y
881 2980 924 3069 in
955 2984 1007 3069 de
1034 2982 1247 3069 indicatur.
1276 2990 1470 3070 Attamen
1500 2981 1527 3065 sr
1531 3014 1562 3097 y
1582 2982 1636 3068 'stt
1676 2983 1802 3069 uenti

374 3128 432 3187 tas
449 3098 516 3187 vel
546 3102 696 3215 sgnum
728 3100 892 3187 radicale
907 3113 945 3197 ν
960 3099 1025 3187 vel
1057 3100 1380 3215 logarithmicum
1396 3100 1542 3187 habens
1556 3012 1802 3219 prociarum,

375 3246 462 3332 turn
493 3220 577 3338 post
607 3218 862 3305 differentiale
892 3218 988 3339 poni
1020 3217 1140 3305 solet:
1163 3218 1353 3306 nimirum
1390 3215 1710 3335 dtts(aa···-xe)
1756 3221 1801 3304 st·

373 3335 531 3451 gnificat
561 3337 791 3457 produsium
820 3366 869 3423 ex
887 3336 1106 3455 quantitate
1130 3336 1244 3427 finita
1271 3334 1533 3454 affra-ex)
1560 3338 1602 3423 in
1625 3338 1801 3449 disserena

374 3454 469 3539 tiale
509 3455 598 3566 dx,
638 3453 837 3591 similique
864 3456 986 3543 modo
1016 3448 1240 3573 dxc(1†x)
1269 3454 1323 3539 est
1354 3452 1584 3573 produsium
1614 3486 1663 3541 ex
1695 3454 1801 3574 loga·

374 3572 530 3659 rithmo
574 3574 803 3691 quantitatis
853 3579 986 3686 slat,
1030 3604 1099 3695 per
1128 3576 1189 3660 dra
1217 3572 1510 3693 multiplicato.
1543 3576 1612 3660 Ob
1642 3574 1801 3663 eandem

375 3690 569 3778 rationem
614 3695 771 3809 ddyt'ra
816 3690 1009 3825 exprimit
1053 3689 1286 3815 produslum
1339 3688 1606 3779 differentialis
1651 3688 1801 3781 secundi

375 3812 456 3925 day
484 3812 523 3896 δι
552 3809 783 3929 quantitatis
813 3811 947 3898 linitae
975 3822 1073 3908 clx.

501 3956 594 4039 145.
656 3933 794 4047 Neque
824 3958 919 4016 vero
950 3931 1100 4044 lignum
1129 3934 1159 4021 d
1186 3929 1368 4017 litteram
1394 3926 1620 4017 irnrrrediate
1650 3926 1798 4048 sem

377 4072 457 4134 tem
490 4046 613 4133 solam
641 4046 790 4161 afficit,
819 4046 880 4136 sed
918 4049 1041 4135 etiarn
1069 4049 1275 4168 nequidem
1304 4073 1594 4167 exponentem,
1624 4048 1652 4133 st
1683 4073 1800 4168 qctem

377 4169 524 4279 habet,
549 4164 710 4285 speslat.
764 4174 828 4253 Ita
857 4168 933 4256 dx'
952 4196 1033 4253 non
1062 4166 1253 4288 exprimit
1282 4164 1538 4255 differentiale
1565 4164 1680 4295 ipsius
1708 4178 1801 4281 κῆ·

378 4283 438 4371 led
477 4286 704 4401 quadratum
748 4284 1017 4373 differentialis
1045 4286 1159 4406 ipstus
1188 4320 1245 4399 rr,
1274 4286 1332 4373 ita
1361 4310 1405 4373 ut
1435 4314 1629 4405 exponens
1661 4316 1684 4371 a
1719 4312 1805 4386 non
1903 4318 1907 4325 ·

377 4405 424 4493 ad
452 4436 514 4515 x,
544 4400 602 4487 sed
648 4405 696 4489 ad
735 4403 796 4493 da·
833 4402 969 4491 referti
1012 4406 1170 4492 debeat.
1200 4406 1328 4497 Posset
1357 4404 1478 4492 etiam
1509 4402 1620 4491 scribi
1653 4406 1799 4519 dada,

379 4520 705 4639 quemadmodum
748 4523 979 4643 produslum
1022 4522 1189 4611 duorum'
1242 4521 1560 4612 differentialium
1589 4526 1648 4613 dar
1679 4528 1717 4609 dc
1748 4526 1801 4640 dy

381 4642 459 4726 boc
487 4640 609 4726 modo
639 4642 749 4761 dxdy
778 4641 1019 4760 exponitur,
1046 4642 1203 4737 veiam
1261 4642 1324 4730 ior
1351 4640 1496 4729 modus
1519 4642 1627 4755 ded,
1657 4643 1717 4730 uti
1746 4642 1799 4729 eli

381 4758 566 4871 brevior,
594 4757 652 4845 ita
690 4757 889 4853 usitatior.
927 4759 1156 4851 Praesertim
1193 4672 1422 4851 falsiores
1452 4758 1654 4881 potestates
1684 4762 1799 4879 ipsius

383 4878 441 4965 dar
470 4875 588 4965 essent
618 4876 868 4992 indicandae,
896 4876 1019 4969 nimis
1047 4880 1255 4999 prolixum
1286 4878 1389 4971 soret
1417 4884 1477 4969 dre
1509 4878 1626 4969 toties
1655 4876 1799 4995 repeti:

384 4992 433 5082 stc
461 4998 538 5087 dx³
564 4995 722 5089 denotat
751 5000 893 5089 emuna
931 4996 1049 5119 ipfius
1076 5001 1159 5119 dx,
1186 5004 1229 5091 &
1256 4999 1300 5093 iu
1338 4996 1654 5099 differentialibus
1679 4995 1800 5097 altio

1648 5143 1736 5211 rum
