4909 6334
862 776 1177 860 C'APUT
1239 779 1294 862 V..

367 962 445 1123 tv.
505 1028 697 1119 strum
747 1006 1008 1171 μὴ

387 1256 396 1269 ’
469 1312 478 1332 ,
558 1308 588 1397 d
625 1231 1235 1357 -pqdr-mqrdp-nprdq

388 1338 501 1486 Tem
578 1340 689 1427 y·-
705 1352 1227 1509 *Ἔῷ-π-
1241 1370 1262 1393 0-

364 1552 414 1649 si·
437 1552 565 1675 plures
594 1572 796 1635 occurrant
836 1546 1020 1663 sudores,
1051 1549 1271 1637 huiusmodi
1299 1547 1451 1663 regulae
1478 1547 1678 1669 speciales,
1704 1584 1795 1672 quaa

367 1674 497 1762 verbis
537 1667 757 1789 exprimere
803 1666 1033 1786 superfluum
1049 1666 1195 1789 aforet,
1223 1666 1330 1757 sacili
1361 1670 1537 1783 negotio..
1552 1700 1624 1789 pro
1654 1676 1804 1789 quovis.

370 1790 455 1881 usu
482 1788 812 1907 erui-poterunt..
916 1851 920 1857 .
1017 1849 1022 1859 .

495 1918 589 2017 169.
649 1904 833 2021 Reptlae
866 1906 1159 1997 differentiandi
1185 1924 1288 2029 'qum
1336 1907 1517 1995 haldenus
1547 1908 1803 2029 expoffiimus

369 2054 455 2120 tatu
498 2028 578 2115 late
622 2050 785 2147 patent,
813 2053 860 2115 ut
902 2027 1010 2117 nulla
1047 2028 1266 2146 excogitari
1297 2028 1410 2149 poffit
1441 2026 1590 2114 sundlio
1621 2030 1734 2149 ipsius
1763 2062 1798 2121 x

367 2146 617 2265 egestum.
653 2174 749 2264 quae
793 2176 881 2235 non·
902 2176 1034 2235 earum
1065 2178 1140 2266 ope
1168 2146 1421 2237 differentiari
1453 2172 1593 2265 queat,
1617 2150 1658 2237 Si
1690 2147 1798 2263 enim

367 2268 526 2357 fitadio
564 2266 688 2471 ipisus.
709 2300 741 2349 e
762 2262 886 2353 fuerit
911 2266 1143 2379 rationalis,
1172 2268 1237 2353 vel
1267 2266 1343 2353 erit
1374 2264 1537 2379 integra·
1554 2266 1619 2351 vel
1650 2266 1797 2378 sraela,

368 2387 495 2509 priori
522 2416 567 2472 ca
582 2384 801 2497 u§.159.
831 2389 994 2471 modum
1023 2386 1197 2471 dedimus
1226 2384 1414 2472 eiusmodi
1445 2384 1661 2485 fundliones
1689 2386 1798 2472 diffe-

365 2503 590 2617 sentiendi,
682 2500 834 2589 steriori
877 2532 974 2589 vero
1013 2502 1098 2591 casu
1129 2503 1171 2588 in
1202 2504 1237 2617 ἓ,
1274 2515 1326 2591 16
1333 2529 1367 2615 5.
1398 2502 1609 2617 negotium
1630 2503 1797 2589 absolvi·

368 2654 484 2715 musa
515 2622 602 2713 Sim
683 2650 780 2708 vero
824 2622 946 2709 etiam
975 2622 1231 2742 compendia,
1263 2624 1290 2707 sr
1322 2620 1484 2711 saelores
1514 2620 1796 2737 involvantur,

367 2739 714 2836 differentiationis-
750 2740 1022 2831 exhibuimus.
1070 2742 1231 2831 Deinde·
1265 2772 1364 2829 vero
1409 2738 1530 2827 etiam
1560 2740 1796 2859 quantitates

366 2860 613 2951 irrationales
643 2856 808 2948 cuiusvis
836 2861 987 2975 generis
1029 2860 1292 2949 differentiare
1317 2860 1554 2970 docuimus,
1578 2888 1673 2977 quae
1703 2888 1797 2977 quoa
1841 2904 1857 2943 .·

367 2982 646 3098 modocunque
675 2978 923 3085 sundionem-
963 2980 1203 3100 propositam
1232 2978 1431 3088 afficiant,
1461 2976 1540 3061 stve
1570 2978 1606 3064 ei
1685 3008 1705 3063 r
1734 2979 1801 3062 ad·

368 3100 563 3189 ditionem
577 3164 599 3211 ‚.
620 3097 700 3185 live
737 3126 807 3233 per
844 3098 1147 3189 subtradionem
1189 3098 1269 3187 five
1299 3093 1629 3214 multiplicatione
1718 3092 1797 3183 five

328 3252 333 3261 ·
368 3217 608 3307 divisorem
631 3216 706 3303 srnt
737 3216 990 3335 rmplicatae,
1018 3242 1207 3337 perpetuo
1236 3216 1282 3301 ad
1313 3214 1413 3302 casus
1443 3214 1523 3299 iam
1540 3214 1722 3301 tradlatos
1738 3245 1796 3301 re·

367 3336 508 3425 vocari
586 3358 744 3423 terunta
766 3335 1026 3451 Intelligenda
1054 3363 1185 3422 autem
1218 3336 1310 3421 haec
1342 3332 1428 3421 sunt
1456 3332 1510 3418 de·
1533 3330 1795 3423 unctionibus

367 3454 592 3575 explicitrs3
621 3483 720 3539 nam·
742 3453 796 3539 de
819 3453 1049 3573 implicitis,
1078 3484 1245 3573 quarum·
1270 3479 1406 3541 natura
1432 3480 1498 3571 per
1523 3450 1795 3569 aequationem

367 3574 509 3687 datur,
537 3570 665 3685 insta,
695 3572 901 3693 postquam
934 3572 1149 3661 sandiones
1187 3574 1349 3659 duarum
1379 3568 1601 3691 pluriumve
1630 3568 1795 3655 variabi·
1868 3624 1873 3631 -

368 3692 472 3781 lium
500 3692 761 3779 different-iare
786 3691 1062 3805 docuerimus,
1088 3690 1277 3799 tradendi
1308 3690 1413 3779 locus
1443 3689 1568 3777 erit.·

474 3842 591 3923 ¹170.
649 3811 691 3899 Si
721 3809 870 3925 regulas
900 3810 966 3899 hic
997 3812 1154 3898 traditas
1184 3810 1347 3925 fingulas
1378 3808 1651 3929 perpendamus
1682 3834 1796 3926 atque

370 3929 476 4031 inter
506 3929 542 4017 se
570 3926 832 4045 conferamus,
860 3960 923 4019 eas
951 3962 1091 4018 omnes-
1116 3932 1168 4015 ad'
1193 3962 1317 4019 unam
1341 3930 1515 4015 maxi-me
1541 3925 1796 4015 universalem

372 4053 548 4139 reducere
585 4050 822 4173 poterimus3
850 4081 967 4168 quam
1006 4078 1136 4137 autem
1167 4049 1268 4137 infra
1296 4050 1454 4139 demum
1484 4048 1608 4162 rigida
1636 4050 1795 4133 demon·

374 4168 558 4260 stratione
585 4171 740 4279 munire
769 4170 927 4285 licebit3
957 4168 1119 4257 interim
1148 4196 1280 4259 tamen
1310 4174 1350 4256 &
1380 4172 1456 4257 hoc
1487 4168 1577 4254 loco
1609 4196 1687 4253 non
1704 4169 1798 4253 adeo

373 4287 533 4377 difficile
561 4288 639 4377 erit
668 4288 748 4377 eius
777 4290 985 4375 veritatem
1015 4289 1231 4379 attendenti
1261 4289 1431 4377 intueri.
1492 4296 1527 4375 F
1528 4287 1660 4376 uneio
1690 4316 1800 4401 quae·

372 4440 520 4527 cunque
549 4405 761 4525 algebraica
789 4440 877 4496 com
931 4410 1003 4495 fita
1031 4410 1084 4495 est
1112 4440 1162 4496 ex
1193 4410 1392 4529 partibus,
1421 4438 1516 4525 quae
1547 4405 1611 4493 vel
1636 4406 1800 4491 additio·

371 4528 514 4617 nevel
544 4528 802 4617 subtraelione
832 4439 1260 4648 veiomultiplicatione
1290 4526 1354 4620 vel
1383 4528 1572 4615 divifione
1616 4527 1721 4612 inter
1766 4525 1802 4615 se

373 4673 486 4735 erunt
512 4649 788 4770 complicatae3
818 4648 971 4767 haeque
996 4675 1120 4768 partes
1135 4674 1248 4739 erunt
1264 4652 1328 4737 vel
1346 4646 1551 4736 rationales
1565 4646 1631 4732 vel
1647 4644 1802 4733 irratio·

372 4764 498 4855 nales.
527 4777 723 4859 vocemur
753 4800 846 4883 ergo
875 4768 961 4859 istas
990 4770 1223 4886 quantitates
1252 4768 1493 4859 funilionem
1522 4768 1699 4887 quamvis
1713 4794 1803 4852 con·

372 4886 570 5003 ilituentes
598 4890 678 4979 eius
707 4915 857 5009 partes.
901 4892 1008 4977 Tum
1032 4913 1102 5009 pro
1131 4893 1306 5006 qualibet
1329 4918 1448 5015 parte
1467 4888 1620 5005 suardio
1643 4885 1802 5007 propost-

446 5066 453 5081 ·
1134 5016 1166 5097 P
1197 5044 1225 5101 2
1701 5035 1745 5094 tn
