4909 6334
894 736 1333 835 CAPUTJV.
1712 779 1768 861 93
1870 822 1875 833 .

416 942 534 1013 notat
579 922 875 1044 operationem,
903 954 978 1043 qua
991 908 1265 1011 differentialia
1282 906 1555 1037 inveniuntur}
1586 906 1692 1009 Hinc
1722 910 1843 1011 calcu-

409 1045 481 1131 'lus
507 1043 774 1161 differentialis
798 1072 950 1161 quoque
978 1070 1141 1130 vocatur
1170 1044 1377 1131 methodus
1407 1042 1844 1159 differentiandi,scum

421 1164 586 1249 modum
614 1162 890 1249 differentialia
919 1160 1143 1248 inveniendi
1171 1161 1391 1275 contineat.

489 1310 583 1393 139.
615 1280 961 1395 Quemadmodum
989 1282 1032 1366 in
1062 1278 1211 1369 calculo
1237 1276 1488 1367 differentiali
1514 1275 1677 1365 cuiusvis
1692 1276 1843 1398 quonti-

419 1398 515 1485 tatis
544 1397 801 1484 differentiale
830 1396 1104 1511 investigatur,
1133 1398 1190 1483 ita
1219 1397 1385 1485 vicilltm
1400 1394 1537 1484 calculi
1555 1394 1691 1514 species
1707 1398 1844 1483 consti·
1926 1452 1929 1459 ,

420 1516 716 1635 tuitutquoque
746 1515 790 1605 iu
819 1514 1047 1601 inventione
1074 1516 1155 1602 eius
1184 1516 1441 1632 quantitatis,
1470 1514 1850 1602 cuiusdifferentiale

418 1631 760 1751 proponitur,qui
791 1633 959 1721 caloulus
989 1632 1188 1747 integralis
1218 1661 1401 1720 vocatur.
1422 1631 1585 1721 Sienim
1602 1632 1845 1751 proposrtum

419 1749 541 1836 fuerit
564 1750 821 1837 differentiale
847 1751 1126 1870 quodcunque,
1155 1752 1235 1839 eius
1265 1750 1433 1871 respeeiu
1464 1780 1507 1835 ea
1537 1749 1751 1865 quantitas,
1781 1782 1843 1837 cu·

418 1869 479 1955 ius
521 1870 574 1955 est
614 1868 899 1982 differentiale,
929 1871 1064 1957 vocari
1095 1868 1194 1957 solet
1224 1868 1439 1983 integrale.
1470 1866 1591 1952 Cuius
1620 1867 1843 1955 denomina-

419 1986 542 2073 tionis
586 1987 703 2103 ratio
734 1988 816 2100 est,
844 1990 976 2105 quod,
1006 2019 1095 2075 cum
1141 1987 1399 2075 differentiale
1442 1986 1669 2072 considerari
1700 1989 1846 2105 poliat,

416 2132 602 2223 tanquam
633 2136 719 2224 pars
746 2105 902 2193 infinite
969 2137 1100 2221 arva,
1129 2137 1204 2224 qua
1233 2106 1427 2224 quantitas
1456 2104 1658 2223 quaepiam
1688 2102 1844 2219 crescit,

415 2223 498 2341 ipsa
545 2224 617 2309 illa
687 2222 853 2313 uantitas
892 2138 1061 2343 relineflu
1109 2226 1224 2311 huius
1256 2226 1375 2345 partis
1407 2250 1590 2339 tanquam
1621 2246 1751 2329 totum
1782 2222 1844 2313 seu

414 2340 615 2455 integrum
660 2255 821 2460 ipeelari
867 2344 1019 2458 potest,
1065 2342 1238 2459 hancque
1283 2346 1334 2427 ob
1379 2338 1528 2429 causam
1572 2339 1651 2427 eius
1681 2366 1844 2429 vocatur
1953 2383 1957 2394 ·

416 2458 629 2573 integrale.
673 2458 738 2547 Sic
776 2486 866 2546 cum
894 2462 957 2574 dy
1000 2460 1048 2545 fit
1092 2458 1346 2545 differentiale
1391 2458 1506 2575 ipsius
1525 2490 1582 2571 y,
1622 2457 1844 2574 viciffimy

415 2577 494 2665 etit
536 2576 725 2691 integrale
771 2575 886 2694 ipfius
926 2579 1084 2693 dy,&
1124 2607 1214 2664 cum
1244 2578 1329 2693 ddy
1369 2574 1416 2662 stt
1444 2574 1699 2661 differentiale
1729 2576 1843 2694 ipiius

416 2698 446 2783 d
447 2728 507 2811 y,
537 2694 612 2780 erit
654 2698 682 2781 d
682 2726 713 2809 y
744 2694 932 2807 integrale
963 2694 1078 2815 ipsius
1107 2698 1228 2810 ddy,
1258 2692 1451 2813 similique
1492 2694 1609 2783 modo
1639 2694 1716 2779 erit
1746 2695 1844 2811 dely

417 2812 607 2926 integrale
653 2812 768 2931 ipstus
809 2815 927 2926 d3y,
966 2818 1005 2897 δι
1043 2816 1090 2901 d³
1096 2848 1129 2930 y
1159 2814 1273 2930 ipsrus
1303 2812 1347 2899 Α*
1356 2848 1387 2929 y
1414 2815 1456 2897 8<
1486 2810 1544 2897 ita
1574 2842 1715 2947 porro:
1744 2816 1844 2897 unde

416 2932 612 3047 quaelibet
667 2928 975 3043 differentiatio,
1030 2930 1059 3014 sr
1105 2928 1253 3017 inverse
1310 2926 1527 3049 speilatur,
1572 2928 1843 3044 integrationis

414 3049 640 3167 exemplum
667 3048 858 3133 exhibet.
1449 3135 1451 3140 ,
1835 3075 1839 3083 ·

542 3161 644 3274 140.
673 3164 839 3281 ⁵Origo
879 3168 918 3251 8<
958 3191 1095 3253 natura
1138 3162 1391 3281 integralium
1420 3164 1567 3286 pariter
1595 3194 1640 3254 ac
1668 3166 1843 3254 differen-

418 3282 575 3372 tialium
629 3282 832 3370 ciariffime
877 3314 927 3369 ex
982 3284 1288 3371 differentiarum
1334 3284 1535 3372 finitarum
1579 3284 1754 3371 domina
1799 3284 1843 3373 in

417 3404 546 3520 capite
590 3402 722 3521 primo
753 3402 927 3520 expofita
964 3432 1014 3488 ex
1044 3402 1155 3489 litari
1199 3402 1349 3522 potest.
1380 3403 1586 3521 Postquam
1616 3404 1721 3489 enim
1751 3402 1843 3488 effer

416 3519 636 3631 oltensum,
675 3521 875 3637 quomodo
920 3433 1097 3638 cuiuiique
1124 3520 1354 3637 quantitatis
1383 3519 1642 3606 differentiam
1672 3520 1844 3607 inveniri

415 3662 625 3757 oporteat,
667 3638 979 3751 retrogrediendo
1019 3668 1170 3757 quoque
1199 3636 1527 3753 monstravimus,
1556 3638 1784 3757 quomodo,
1813 3638 1844 3721 st

416 3756 613 3891 proposita
645 3754 763 3841 suerit
792 3755 1036 3867 differentia,
1066 3788 1109 3843 ea
1137 3757 1333 3876 quantitas
1363 3756 1534 3843 inveniri
1563 3780 1707 3876 queat,
1736 3756 1843 3843 cuius

397 3875 488 3963 ‚rlla
516 3875 565 3961 fit
582 3872 826 3988 differentia3
854 3906 969 3993 quam
998 3875 1255 3993 quantitatem
1285 3873 1453 3993 respeilu
1483 3873 1567 3961 suae
1604 3874 1842 3961 differentiae

417 3992 644 4081 vocavimus
672 3992 755 4080 eius
783 3990 998 4080 summam.
1029 3993 1107 4083 Uti
1152 3992 1273 4106 igitur
1303 3994 1349 4078 ad
1379 3992 1535 4079 infinite
1613 4022 1683 4079 rua
1712 4022 1843 4111 proce·
1972 4032 1975 4039 ⁴

416 4114 542 4198 dendo
579 4110 817 4199 differentiae
857 4112 899 4197 in
929 4110 1199 4197 differentialia
1226 4110 1404 4196 abierunt
1419 4110 1519 4227 ,lita
1549 4020 1716 4198 iiinme
1747 4140 1842 4230 quae

419 4230 476 4317 ibi
507 4252 617 4316 erant
636 4255 822 4341 vocatae,
851 4230 1101 4344 integralium
1131 4257 1275 4315 nomen
1307 4228 1551 4316 sortiuntur:
1592 4234 1630 4315 8<
1661 4230 1760 4315 hanc
1789 4234 1841 4341 ob

419 4346 566 4437 caulam
606 4345 813 4461 integralia
856 4377 1007 4466 quoque
1047 4376 1127 4433 non
1167 4376 1255 4434 raro
1286 4346 1454 4435 summae
1482 4348 1668 4465 appellari
1699 4344 1842 4436 solent.

418 4466 545 4580 Angli
583 4466 650 4583 qui
678 4465 948 4553 differentialia
978 4466 1168 4551 fluxiones
1198 4468 1434 4577 nominant,
1464 4464 1668 4579 integralia
1699 4492 1842 4554 vocant

423 4583 656 4705 quantitates
695 4590 881 4698 fluentes3
920 4612 1128 4702 eorumque
1166 4582 1349 4703 loquendi
1379 4612 1491 4669 more
1518 4585 1627 4671 datae
1657 4586 1843 4673 fluxionis

424 4712 608 4791 fluentem
651 4700 855 4812 invenire,
897 4699 1002 4788 idem
1046 4704 1142 4818 est,
1186 4704 1289 4821 quod
1318 4700 1450 4791 nostro
1488 4708 1599 4791 more
1627 4704 1707 4789 dati
1737 4701 1874 4793 aiffa.

421 4820 593 4909 rentialis
613 4817 811 4933 'integrale
839 4818 1014 4907 invenite
1041 4818 1225 4909 dicimus.
1290 4858 1293 4863 ¹

548 4966 641 5048 141.
701 4936 781 5032 Uti
808 4934 1079 5031 differentialie
1116 4938 1333 5051 charailere
1361 4940 1390 5035 d
1417 4939 1680 5056 deignamus,
1699 4934 1767 5070 'ita
1794 4936 1842 5047 ad

1719 5084 1779 5159 111·⁴
