4909 6334
866 756 1303 843 CARUT‘III.
1548 794 1552 839 τ
1681 768 1740 847 6'1·

373 938 531 1055 Quodsr
576 934 765 1025 obiiciant
809 965 1012 1026 numerum
1056 935 1209 1025 entium
1240 932 1503 1055 simplicium,
1533 928 1627 1053 qnae
1658 939 1793 1054 pedem

369 1059 553 1146 cubicum
580 1056 764 1143 materiae
794 1054 1055 1165 constituunt,
1084 1054 1308 1143 millenario
1340 1052 1456 1169 longe
1485 1054 1557 1141 effe
1581 1055 1794 1170 maiorem,

370 1176 484 1263 nihil
514 1176 677 1262 omnino
709 1176 932 1262 luctantur:
962 1175 1256 1263 incommodum
1287 1172 1422 1283 enim,
1450 1175 1552 1289 quod
1582 1204 1630 1259 ex
1663 1205 1795 1261 nume-

369 1324 421 1379 ro
467 1293 692 1381 millenario
735 1290 934 1411 sequitur,
977 1322 1030 1379 ex
1076 1292 1216 1409 quovis
1261 1289 1342 1377 alio
1387 1320 1549 1399 numero
1593 1318 1807 1408 quantum,

371 1411 436 1501 vis
479 1442 624 1527 magno
679 1422 798 1531 aeq'ue
841 1425 1015 1497 manat.
1075 1415 1200 1497 Hanc·
1232 1408 1501 1495 difficultatem
1546 1410 1810 1511 Acutiffimur‚

370 1536 733 1641 LEIBNIZIUS,
763 1528 910 1648 primus
939 1530 1149 1618 monadum
1181 1528 1394 1638 inventor,
1424 1532 1543 1731 probe
1574 1526 1768 1647 perspexit
1783 1560 1806 1644 ,J

366 1649 467 1735 dum
514 1647 719 1735 materiam
764 1646 937 1735 absolute
966 1647 1010 1735 in
1040 1646 1241 1733 infinitum
1270 1644 1426 1731 divifibi
1444 1676 1507 1733 em
1537 1646 1608 1733 effe
1638 1646 1807 1757 statuit.⁴

369 1772 532 1885 Neque,
559 1796 652 1881 ergo
697 1793 810 1855 ante.
831 1766 877 1851 ad
917 1766 1098 1853 monades
1128 1764 1330 1885 pervenire
1361 1764 1481 1877 licet,
1510 1794 1626 1883 quam
1655 1795 1801 1887 corpus¹

372 1886 463 1973 abiu
509 1885 551 1975 in
596 1885 801 1973 infinitum
844 1882 1124 1971 fit'divisum.
1153 1888 1246 1971 Hoc
1276 1882 1358 2002 ipso
1387 1910 1520 1971 autern
1549 1882 1803 1994 existentiam

371 2004 530 2091 entium
573 2003 838 2123 fimplicium,
868 2033 917 2089 ex
947 2002 1084 2121 quibus
1112 2032 1288 2121 corpora·
1305 2002 1506 2116 constent,
1537 2000 1702 2123 penitus·
1720 2004 1797 2091 tol·

374 2120 455 2209 lit:
501 2152 593 2210 nam
624 2122 692 2241 qui
722 2147 838 2237 negat
867 2150 1030 2240 corpora
1059 2151 1109 2207 ex
1139 2123 1292 2209 entibus
1323 2122 1559 2239 srmplicibus
1589 2120 1660 2207 effe
1689 2152 1797 2207 com-

404 2240 528 2353 osrta‚
572 2245 612 2327 a
655 2240 727 2329 ille
772 2240 837 2360 qui
867 2239 1000 2327 statuit
1030 2270 1194 2359 corpore
1223 2238 1265 2327 in
1296 2240 1497 2327 infinitum
1526 2237 1597 2329 effe
1625 2238 1796 2329 divisrbi·

374 2272 463 2471 iia,
491 2360 535 2449 in
564 2362 697 2447 eadem
726 2358 877 2478 prorsus
905 2356 990 2445 sunt
1020 2355 1231 2443 sententia.
1514 2446 1517 2455 ,

497 2478 565 2564 80.
625 2476 763 2597 Neque
806 2475 931 2592 magis
958 2501 1104 2565 'autem
1148 2475 1220 2563 fibi
1251 2476 1452 2589 constant,
1482 2477 1510 2563 fi
1539 2476 1674 2565 dicunt
1703 2478 1796 2567 ulti·
1860 2477 1863 2483 ’

374 2624 459 2683 mas
502 2626 713 2715 corporum
741 2596 949 2717 particular
978 2594 1149 2683 extensas
1178 2594 1335 2714 quidem
1366 2594 1481 2709 effe,
1526 2594 1586 2695 sed
1615 2599 1668 2691 ob
1699 2597 1796 2685 sum·

373 2744 484 2800 mam
526 2716 713 2803 duritiem
756 2717 807 2803 itt
845 2742 971 2835 partes
1014 2714 1154 2801 divelli
1192 2744 1274 2799 non
1315 2713 1441 2833 posse.
1487 2718 1593 2803 Cum
1623 2715 1797 2835 primum

373 2833 483 2920 enim
528 2834 572 2920 in
616 2832 770 2924 ultimis
815 2832 1014 2953 particulis
1057 2832 1325 2919 extenfionem
1368 2829 1612 2945 admittunt,
1655 2862 1716 2923 eas
1745 2866 1796 2939 err

373 2951 552 3085 partibus
596 2951 826 3071 compofitae
869 2950 942 3038 effe
980 2950 1178 3064 statuunt,
1222 2980 1345 3069 quae,
1386 2976 1518 3039 utrum
1548 2973 1681 3037 revera
1709 2982 1732 3037 a
1762 2952 1797 3041 se'

372 3068 550 3157 rnvicem
597 3068 760 3189 separari
803 3094 944 3188 queant
984 3098 1053 3155 nec
1083 3098 1162 3182 ne,
1190 3098 1329 3187 parum
1358 3068 1503 3183 resert;
1534 3070 1682 3155 etiamst
1708 3068 1797 3159 'nul-

379 3186 460 3273 lam
507 3185 655 3276 causam
699 3190 881 3303 affignare
923 3188 1064 3307 poffint
1089 3221 1121 3301 ‚j
1146 3187 1247 3273 unde
1278 3212 1387 3278 tanta
1414 3188 1574 3277 durities
1604 3188 1652 3273 stt
1683 3216 1797 3277 orta.

374 3312 493 3393 Nunc
539 3334 670 3393 autern
709 3304 911 3425 plerique,
939 3304 1007 3423 qui
1035 3304 1351 3393 divisrbilitatem
1379 3307 1565 3395 materiae
1596 3306 1638 3393 in
1668 3308 1798 3399 infini-
1832 3386 1834 3391 .

381 3451 469 3509 tum
513 3450 653 3539 negam
668 3454 681 3537 3
726 3427 803 3514 hoc
834 3422 1018 3543 posterius
1047 3424 1345 3511 incommodum
1376 3424 1463 3511 satis
1494 3423 1635 3513 senfisse
1665 3426 1797 3525 viden

378 3567 473 3655 tur,
516 3542 607 3661 quia
635 3540 759 3662 priori
799 3542 904 3627 ideae
934 3541 1106 3661 partium
1134 3541 1365 3629 ultimarum
1395 3542 1635 3661 potiffrmum
1667 3543 1797 3631 inhae-

376 3673 493 3773 te'nt3
539 3660 679 3779 hasque
707 3660 952 3747 difficultates
980 3659 1099 3747 aliter
1127 3659 1274 3747 diluere
1304 3691 1385 3751 non
1415 3661 1595 3781 possunt,
1626 3662 1692 3749 nist
1727 3663 1797 3749 ali·

379 3805 477 3897 quot
522 3778 741 3867 leviusculis
786 3776 1060 3898 metaphysrcis
1088 3779 1426 3893 distinCiionibus,
1455 3810 1550 3898 quae
1580 3781 1798 3869 maximam

380 3926 530 4017 partem
576 3927 625 3984 eo
654 3899 843 4010 tendunt,
872 3922 917 3983 ut
948 3929 996 3984 ne
1026 3893 1333 4013 consequentiis,
1361 3926 1456 4017 quae
1487 3898 1686 3985 secundum
1717 3930 1797 3987 ma·

380 4014 591 4103 thematica
631 4016 821 4135 principia
864 4012 1111 4128 formantur,
1155 4016 1348 4126 fidant„
1394 4046 1515 4135 neque
1544 4016 1796 4121 dimenstonet

379 4136 423 4221 in
468 4134 640 4254 partibus
684 4134 922 4252 srmpiicibus
958 4133 1142 4221 adhiberi
1183 4162 1364 4254 oportere
1394 4161 1598 4250 regerunt.
1628 4142 1689 4221 At
1719 4138 1797 4255 pri·

380 4284 493 4338 mum
537 4254 795 4339 demonstrare
843 4252 1082 4365 debuiffent‚
1111 4250 1197 4339 istas
1227 4252 1307 4339 suas
1337 4280 1462 4373 partes
1491 4254 1677 4366 ultimas,
1707 4284 1796 4371 qua

380 4402 469 4457 rum
497 4371 773 4459 determinatus
804 4400 982 4457 numerus
1012 4398 1149 4489 corpus
1179 4371 1414 4487 constituat,
1444 4370 1616 4459 extensas
1646 4372 1762 4491 prors

381 4522 459 4577 non
489 4488 586 4576 effe.
669 4585 673 4593 ,
1298 4508 1303 4519 ’
1764 4528 1780 4543 ··

502 4612 571 4695 81.
633 4612 739 4694 Cum
769 4607 890 4722 igitur
920 4636 969 4693 ex
1001 4609 1078 4695 hoc
1108 4608 1340 4721 labyrintho
1371 4610 1526 4699 exitum
1556 4612 1709 4716 nullum
1739 4612 1797 4700 in·

381 4726 542 4838 venire,
587 4756 708 4844 neque
752 4724 1036 4816 obieeiionibus
1079 4728 1211 4815 debito
1251 4728 1372 4819 mo‘do
1402 4760 1599 4821 occurrere
1628 4757 1797 4849 queant,

375 4846 430 4935 ad
474 4846 736 4933 distineiiones
780 4841 1038 4962 confugiunt,
1082 4845 1349 4965 respondentes
1394 4853 1463 4941 has
1499 4850 1796 4982 'obiestionesa

1658 4966 1733 5053 sen·
