4909 6334
838 747 1325 836 PRAEFATIO.
1602 765 1723 838 mn

354 923 523 1044 secundi
566 919 619 1011 Φ
673 923 853 1012 altiorum
899 928 1074 1014 ordinum
1117 923 1262 1039 curiose
1305 928 1429 1047 magis
1474 959 1592 1044 quam
1637 933 1794 1016 utiliter

365 1043 457 1139 futu
496 1039 727 1162 disgtutata,
765 1047 979 1135 reddentur
1001 1047 1257 1166 planiffima,
1286 1079 1373 1132 cum
1401 1051 1529 1132 omnia
1554 1071 1629 1167 per
1645 1048 1702 1164 se
1732 1081 1795 1134 at»

361 1195 435 1282 que
487 1159 720 1276 evanescant
764 1199 889 1282 neque
934 1197 981 1251 en
1019 1199 1186 1282 unquam
1211 1191 1285 1286 pet
1302 1165 1388 1280 se,
1405 1165 1488 1280 sed
1511 1171 1638 1285 potius
1667 1195 1794 1257 eorum

360 1285 499 1385 relatio
541 1311 677 1368 mutua
710 1281 884 1405 spellari
903 1279 911 1306 ’
922 1284 1079 1400 soleat.
1122 1291 1223 1372 Cum
1265 1290 1367 1372 enim
1397 1291 1523 1398 ratio,
1552 1321 1673 1402 quam
1699 1290 1793 1374 dua·

359 1433 444 1488 rum
482 1397 732 1516 snnllionum
774 1407 1014 1490 incrementa
1055 1405 1328 1514 evanescentia
1357 1432 1523 1515 tenent,
1552 1409 1693 1491 iterum
1719 1431 1793 1526 per

352 1521 596 1636 sunllionem
626 1522 821 1637 quandam
858 1527 1124 1638 'exprimatut,
1173 1561 1184 1607 t
1213 1524 1269 1610 (Ὺ
1297 1524 1406 1609 huius
1425 1521 1640 1638 funilionis
1669 1527 1793 1610 incre·

358 1667 533 1724 mentum
565 1639 798 1752 evanescens
825 1671 911 1728 cum
927 1646 1032 1728 ·alt'is
1059 1675 1126 1728 con
1148 1669 1303 1753 tratur,
1333 1676 1392 1728 res
1422 1644 1476 1729 ad
1504 1637 1793 1756 dffetentialie

346 1758 529 1872 secunda
558 1757 703 1874 resecti
733 1763 787 1875 esl
828 1759 1052 1872 censenda;
1072 1761 1205 1876 suque
1230 1786 1340 1882 porro
1363 1761 1568 1882 progteffio
1596 1763 1649 1847 ad
1678 1757 1792 1878 diffee

359 1880 548 1964 rentialia
592 1881 771 1964 altiorum
812 1882 1000 2000 graduum
1047 1884 1217 2000 intelligi
1236 1949 1244 1964 .
1261 1882 1405 1993 debet,
1451 1885 1511 1968 ita
1554 1907 1599 1965 ut
1628 1879 1792 2001 semper

355 1999 602 2114 quantitates
636 2000 786 2115 finitae
829 2035 968 2088 revera
999 2003 1124 2086 animo
1154 1999 1434 2112 obversentur,
1482 2033 1644 2118 sgnaqne
1673 1993 1791 2117 diffes

356 2117 582 2200 rentialium
613 2144 767 2203 tantum
800 2121 851 2206 ad
882 2153 943 2204 eas
973 2121 1163 2206 commode
1192 2119 1538 2236 repraesentandae
1577 2121 1785 2206 adhibean-

357 2261 450 2320 tur.
479 2239 613 2322 Primo
642 2239 802 2351 quidem
831 2243 976 2324 intuitu
1009 2241 1081 2353 ista
1108 2239 1291 2353 Attalefis
1321 2237 1559 2354 infinitorum
1579 2237 1788 2360 descriptio

350 2351 555 2474 plerisque
593 2359 694 2442 levis
724 2391 768 2442 ac
797 2361 911 2442 nimis
935 2360 1079 2470 slerilis
1109 2360 1308 2468 videtur,
1350 2358 1421 2468 etfi
1440 2356 1595 2472 species
1626 2360 1698 2442 illa
1728 2393 1791 2444 ar·

356 2505 457 2557 cana
502 2473 658 2588 infinite
697 2499 905 2594 parvorum
950 2509 993 2562 re
1023 2477 1128 2562 baud
1165 2480 1255 2596 plus
1294 2477 1525 2592 polliceatur
1539 2509 1556 2560 .·
1585 2506 1724 2562 vuum
1745 2475 1787 2592 si

357 2595 554 2706 rationes,
583 2626 683 2707 quae
722 2599 826 2681 inter
855 2599 1095 2682 incrementa
1126 2593 1401 2705 evanescentia
1419 2593 1666 2709 funilionnm
1695 2627 1792 2711 qua·

354 2713 505 2798 rumvis
549 2715 820 2826 intercedunt,
862 2717 977 2830 probe
1022 2713 1310 2832 cognoscamus,
1347 2715 1441 2800 baec
1471 2717 1631 2830 cognitio
1649 2711 1791 2831 saepe·

354 2861 517 2924 numm,
554 2854 625 2946 per
660 2830 715 2942 se
761 2836 921 2920 maximi
963 2835 1227 2945 eslmomenti
1240 2868 1261 2944 ,·
1289 2859 1375 2916 tum
1403 2865 1495 2916 vem
1525 2835 1567 2914 iu
1621 2831 1793 2947 lenisque

354 2943 499 3062 iisque,
533 2952 700 3036 manime
744 2951 874 3035 arduis
919 2952 1267 3068 investigationibus
1307 2955 1367 3036 im
1397 2951 1451 3062 est
1479 2855 1719 3065 masida,
1747 2979 1793 3034 ut

344 3065 437 3178 fine
483 3069 563 3152 eius
605 3069 837 3154 adminiculo
880 3069 981 3154 nibil
1017 3073 1140 3186 plane
1185 3073 1356 3188 intelligi
1396 3068 1538 3187 pefft.
1582 3071 1715 3154 Veluti
1751 3068 1791 3182 fi

354 3183 525 3299 quaestio
544 3185 603 3296 fit
632 3188 681 3272 de
727 3215 832 3274 motu
856 3189 961 3304 globi
990 3222 1036 3272 eu
1063 3215 1252 3273 tormento
1281 3189 1445 3306 euplus,
1465 3187 1662 3304 fimulque
1691 3192 1792 3272 ratio

352 3303 594 3416 resslontiac
637 3297 736 3394 aeris
781 3305 913 3395 baberi
960 3307 1128 3417 debeat,
1158 3311 1337 3423 quomodo
1365 3335 1488 3392 motus
1512 3329 1586 3423 pet
1605 3305 1789 3423 spatium

342 3419 515 3535 finitum
551 3422 609 3534 stt
645 3421 836 3538 futurus,
882 3427 985 3512 nullo
1013 3427 1137 3510 'modo
1171 3427 1313 3540 slatim
1345 3425 1510 3542 definite
1539 3427 1665 3534 licet,
1693 3423 1786 3509 dum

353 3565 444 3624 tam
489 3541 644 3630 direllio
661 3543 860 3657 semitae,
899 3549 941 3632 in
971 3577 1049 3660 qua
1073 3545 1202 3662 globus
1232 3546 1408 3656 incedit,
1438 3577 1556 3661 quam
1587 3539 1701 3661 ipsus
1730 3575 1791 3628 ce·

349 3659 523 3772 leritas,
553 3695 577 3751 α
607 3697 683 3778 qua
712 3664 923 3776 s‘afistantia
948 3663 1124 3778 pendet,
1180 3667 1287 3750 nevis
1317 3691 1504 3749 momento
1536 3667 1789 3748 immutatur.

356 3781 455 3900 Qu
471 3786 622 3872 ...minues
668 3810 797 3866 autem
831 3779 1042 3896 spatium,
1065 3807 1139 3898 pet
1168 3785 1268 3900 quod
1297 3812 1418 3868 motus
1438 3783 1552 3896 fiat,
1581 3781 1789 3895 confidere·

348 3929 470 4010 mus,
502 3933 542 3986 eo
558 3905 693 3988 'minor
723 3905 799 3986 erit
840 3903 913 3984 illa
941 3903 1220 4014 variabilitas,
1251 3937 1368 4018 eoque
1386 3899 1555 4016 facilins
1585 3901 1640 3988 ad
1668 3904 1791 4018 cogniy

347 4019 502 4120 ¹tionem
547 4026 636 4108 veti
674 4024 899 4140 pertingere
944 4023 1077 4108 licebit
1094 4054 1111 4128 ,·
1157 4021 1285 4134 quodfi
1324 4049 1456 4108 mam
1487 4023 1590 4132 illud
1607 4023 1790 4139 spatium

349 4139 474 4253 plane
505 4139 735 4248 evanescens
766 4141 999 4254 reddamus,
1030 4144 1122 4256 quia
1139 4145 1232 4226 'iam
1262 4145 1382 4226 omnis
1412 4142 1673 4256 inaequalitas
1700 4168 1787 4226 tam

356 4258 401 4342 in
448 4259 655 4346 duellione
693 4261 787 4342 viae
830 4291 946 4374 quam
976 4263 1018 4344 in
1047 4263 1252 4346 celeritate
1279 4263 1458 4373 tollitm,
1488 4255 1666 4374 effellum
1696 4259 1789 4374 rest·

346 4377 527 4488 slentiae
562 4372 638 4497 ‘pir
677 4381 827 4495 regulas
858 4406 1184 4464 motusxaccurate
1212 4382 1404 4494 definire,
1435 4379 1635 4496 motusque
1666 4405 1793 4464 muta

357 4500 501 4582 tionem
541 4503 676 4618 paullo
719 4501 898 4612 temporis
938 4499 1158 4616 prodnblam
1205 4499 1395 4617 affignarc
1422 4499 1585 4585 licebit.
1614 4503 1789 4616 Cognitis

362 4643 496 4702 autem
542 4621 601 4706 bis
646 4618 919 4702 mutationibus
964 4621 1268 4731 momentaneis,
1303 4617 1382 4728 ¹sau
1407 4621 1534 4735 potius
1563 4652 1649 4704 cum
1681 4609 1805 4738 ipsae

354 4735 441 4848 fint
485 4741 643 4849 nullae,
690 4765 821 4825 cacum
867 4739 1054 4822 relatione
1098 4764 1262 4846 mutua,
1307 4741 1387 4820 iam
1420 4740 1637 4856 'plurimum
1655 4737 1796 4845 ,stemus

365 4856 513 4940 lucrati
530 4891 548 4966 ‚·
594 4884 711 4971 atque
755 4857 898 4939 calculi
937 4859 1136 4976 integralis
1166 4879 1252 4974 opus
1283 4857 1363 4969 est,
1393 4859 1530 4943 exinde
1559 4885 1699 4939 matum
1726 4879 1797 4970 per

353 4969 536 5092 spatium
556 4975 725 5096 finitum
766 4975 974 5092 variatum]
1004 4977 1251 5067 concludere.
1291 4979 1460 5066 Minime
1489 4999 1619 5061 autem
1649 4969 1798 5087 neceffe

1658 5092 1735 5206 esse
