4909 6334
728 784 810 881 164
1145 768 1465 857 carun*
1522 774 1634 856 vn·

545 952 550 961 ’
660 976 830 1067 queant.
873 952 1008 1067 Neque
1053 980 1149 1039 vero
1183 951 1307 1038 solum
1340 960 1528 1061 tyrones,
1560 937 1771 1035 sed-'etiarn
1800 945 1861 1059 ii',
1890 944 1959 1065 qui
1989 939 2098 1067 prin-¹

666 1072 779 1187 cipiis
825 1066 963 1155 calculi
994 1068 1261 1157 differentialis
1302 1072 1382 1155 iam
1414 1067 1497 1153 sunt
1528 1068 1699 1180 imbuti,
1729 1070 1775 1155 ad
1806 1070 1884 1152 hoc
1915 1064 2000 1154 sunt
2030 1098 2093 1153 co·

667 1188 880 1299 hortandi,
912 1189 1096 1305 quoniam
1127 1190 1167 1274 in
1200 1190 1381 1275 omnibus
1422 1188 1500 1274 sere
1521 1186 1890 1272 manuduetiouibus
1919 1189 1966 1272 ad
1997 1188 2097 1274 hanc

667 1305 884 1417 Analyseos
914 1334 1066 1425 partem
1097 1310 1173 1395 hoc
1202 1336 1471 1423 argumentum
1492 1306 1946 1424 „penitusprretermitri
1978 1303 2097 1393 solet.

671 1427 903 1543 Plerumque
945 1428 1051 1511 enirn
1081 1430 1275 1516 Ausiores
1311 1426 1412 1515 solas
1442 1426 1781 1528 dili'ereutiatiouis
1812 1424 1960 1539 regulas
1991 1456 2099 1543 prae-

671 1542 876 1661 scripsisse,
915 1576 1126 1664 earumque
1174 1548 1281 1635 usum
1303 1548 1353 1633 -in
1384 1548 1618 1633 Geometria
1647 1544 1866 1652 sublimiori
1893 1540 2098 1628 olteulilse

671 1662 825 1749 suerunt
871 1666 1075 1775 contenti,
1122 1698 1243 1785 neque
1273 1668 1315 1751 in
1347 1694 1524 1751 naturam
1563 1666 1963 1783 atquesprorietates·
1992 1662 2101 1745 dille-

671 1782 897 1867 rentialium
929 1784 1235 1901 inquisiverunt,
1266 1788 1362 1871 unde
1404 1814 1534 1869 tamen
1564 1784 1739 1869 mair-ima
1770 1696 1926 1868 similia
1956 1782 1999 1865 in
2029 1776 2104 1868 cal·

672 1902 807 1987 culum
837 1900 1067 2015 integralem
1093 1908 1335 1990 resumebat.
1367 1912 1503 2023 Quam
1533 1908 1585 1988 ob
1615 1904 1763 1989 causam
1795 1905 1871 1988 hoc
1901 1928 2104 2011 argumen-

640 2044 763 2105 'tum
810 2018 888 2105 sere
935 2052 1083 2107 novum
1130 2026 1171 2113 in
1218 2024 1291 2109 isto
1338 2025 1480 2142 Capite
1521 2020 1634 2109 fusius
1667 2020 1834 2141 persequi
1870 2021 1994 2105 visum
2027 2018 2111 2131 est,

675 2168 753 2256 quo
801 2139 913 2225 limul
956 2142 1027 2225 via
1070 2146 1117 2229 ad
1163 2142 1441 2256 integrationes
1487 2142 1581 2228 alias
1610 2142 1850 2253 diffieiliores
1877 2165 2112 2257 pararetur,

675 2285 790 2377 atque
821 2260 1025 2373 negotium
1058 2263 1186 2381 postea
1218 2262 1494 2382 suscipiendum
1526 2262 1804 2348 sublevaretur,
1879 2366 1887 2379 ἢ

804 2408 898 2496 zuo.
964 2382 1149 2493 Cognitis
1197 2383 1320 2495 igitur
1367 2382 1429 2469 his
1475 2383 1805 2501 proprietatibus,
1836 2377 1972 2495 quibus
2002 2372 2115 2472 disse-¹,

681 2497 861 2589 rentialia
892 2496 1135 2587 suntiionum
1164 2502 1254 2587 duas
1286 2500 1457 2619 pluresve
1488 2497 1690 2589 variabiles
1716 2496 2007 2585 involventium
2024 2524 2115 2609 gaug

679 2622 801 2726 dent,
833 2614 943 2701 saeile
975 2624 1191 2735 poterimus
1221 2620 1469 2733 dignoscere,
1514 2646 1648 2705 utrum
1680 2604 1851 2705 sormula
1878 2610 2116 2701 differentia?

684 2738 733 2823 lis
781 2736 1005 2853 proposita,
1050 2738 1196 2855 inqua
1227 2766 1432 2825 occurrunt
1472 2740 1566 2823 duae
1599 2738 1771 2857 pluresve
1801 2734 2034 2846 variabiles,
2065 2732 2115 2819 sit

682 2880 770 2941 orta
800 2883 848 2939 ex
880 2854 1209 2945 differentiatione
1253 2858 1469 2977 cuiuspiam
1494 2856 1876 2986 sunsliouisfinitae
1906 2883 1956 2939 an
1987 2851 2117 2953 secus.‡

687 3054 730 3143 Si
761 3050 866 3137 enim
897 3052 1140 3157 in'sormula
1170 3055 1414 3179 de-'l-Qdy
1448 3089 1528 3145 non
1559 3056 1676 3145 suerit
1709 2974 2121 3229 (ξ)ε(ἒὲ);

688 3280 794 3339 certo
839 3253 1054 3371 poterimus
1100 3258 1321 3369 affirmare,
1370 3256 1519 3343 nullam
1561 3254 1732 3343 exiliere
1752 3172 1994 3339 suirslionem
2024 3246 2119 3365 ipsa·

689 3404 777 3458 rum
809 3408 833 3455 x
862 3374 900 3455 &
924 3404 982 3484 y,
1012 3374 1117 3460 cuius
1156 3376 1411 3461 differentiale
1443 3376 1489 3461 sit
1507 3376 1843 3489 :del-Qdy:
1873 3395 2121 3485 nequeerge

689 3492 792 3577 inl'ra
823 3490 865 3575 in
896 3490 1044 3579 calculo
1091 3495 1274 3607 integrali
1322 3492 1543 3581 huiusmodi
1575 3492 1767 3581 formulae
1794 3486 1986 3602 integrale
2017 3485 2127 3587 indu·¹

691 3611 773 3725 gari
816 3608 965 3727 potest.
996 3610 1058 3695 Sic
1104 3644 1193 3697 cum
1241 3612 1283 3698 iu
1303 3614 1581 3725 yades-lxx&
1620 3606 1802 3733 requisita
1831 3606 2008 3695 conditio
2040 3632 2122 3691 nott

690 3728 814 3839 adsit,
845 3725 952 3810 nulla
981 3728 1093 3813 datur
1110 3728 1259 3842 sunslio
1269 3798 1283 3845 ,
1296 3734 1405 3818 cuius
1430 3732 1685 3842 differentiuse
1701 3734 1753 3819 est
1768 3725 2121 3850 :yxdxl-xxdy·

693 3886 698 3894 ·
1337 3929 1345 3946 .
1535 3854 1594 3940 dP
1695 3886 1713 3893 ··
1795 3851 1822 3935 d
1831 3854 1883 3964 Q
2119 3926 2123 3934 .

693 3936 846 4017 Utrum
875 3951 1007 4013 autem
1037 3926 1207 4047 semper,
1236 3955 1389 4049 quoties
1418 3930 1471 4017 est
1495 3878 1635 4116 (ἶ)
1665 3952 1724 4011 2:
1754 3878 1915 4101 (ᾖ)
1949 3918 2122 4012 formula

697 4156 748 4211 ex
778 4124 1107 4212 differentiatione
1136 4126 1348 4247 cuiuspiam
1377 4125 1587 4215 sunsiionis
1610 4128 1666 4211 sit
1696 4152 1813 4238 orta,
1842 4122 2012 4242 quaestio
2043 4120 2127 4231 est,

696 4274 791 4363 quae
820 4244 977 4333 demum
1007 4276 1056 4331 ex
1088 4246 1360 4361 integrationis
1390 4248 1591 4367 principiis
1622 4245 1741 4332 solide
1755 4244 1939 4331 affirmari
1966 4239 2130 4363 poterit.¹

823 4391 917 4471 241.
981 4364 1022 4451 Si
1054 4364 1096 4449 in
1137 4365 1307 4452 formula
1336 4364 1585 4455 differentiali
1616 4366 1813 4487 proposita
1845 4391 1921 4450 tres
1953 4356 2128 4483 pluresve

697 4482 816 4571 insint
847 4482 1080 4597 variabiles,
1109 4485 1168 4569 uti
1201 4484 1636 4604 de†Qdy†Rdz;
1678 4512 1764 4573 tum
1795 4514 1839 4570 ea
1867 4513 1918 4569 ex
1949 4481 2126 4567 disseren-

698 4602 867 4691 tiatione
898 4630 1031 4727 ortum
1064 4604 1220 4691 traxisse
1264 4606 1430 4692 omnino
1470 4607 1634 4726 nequit,
1665 4605 1737 4706 uisi
1766 4630 1846 4694 tres
1876 4602 1968 4691 istae
1996 4594 2130 4694 condi-J

703 4723 829 4811 tiones
861 4722 903 4808 in
934 4752 978 4810 ea
1008 4724 1140 4813 locum
1168 4722 1365 4841 habeant,
1393 4751 1439 4813 ut
1468 4724 1518 4813 fit

2011 4956 2074 5062 ἅΡ.
