4909 6334
760 769 852 836 ινι
1174 700 1666 836 etantanto.

604 975 611 990 ·
688 929 890 1012 varietate
917 926 1104 1012 tormenti
1129 917 1185 1010 (3·
1207 921 1313 1044 globi
1343 930 1517 1012 animum
1545 955 1834 1039 removeamus,
1861 951 1913 1010 ne
1941 923 1987 1012 in
2009 955 2127 1044 quae.

675 1043 819 1156 stiones
848 1045 1010 1130 nimium
1042 1045 1262 1164 implicatas
1290 1047 1530 1134 incidamus.
1555 1045 1706 1179 Qdfi
1735 1077 1823 1165 ergo
1839 1037 2016 1157 flervata
2037 1073 2129 1168 per.

680 1183 800 1280 petuo
840 1159 975 1248 eedem
1008 1165 1186 1282 pulveris
1210 1167 1319 1282 pyrii
1346 1171 1601 1286 quantitate,
1632 1167 1800 1252 elevatio
1827 1169 2016 1252 tormenti
2042 1199 2127 1256 eon·

685 1283 794 1366 sinuo
839 1285 1095 1400 immutetur,
1139 1281 1337 1400 inllusque
1379 1287 1577 1404 longitudo
1599 1315 1703 1372 ‚cum
1731 1309 1905 1402 tempore
1932 1286 2126 1400 tranſsuus

679 1401 787 1520 globi
824 1423 899 1520 per
943 1433 1075 1488 aerem
1103 1407 1360 1518 aequitatum
1388 1408 1431 1491 in
1459 1407 1532 1492 bae
1561 1405 1778 1522 quaestione
1808 1403 1915 1522 copia
1938 1407 2123 1520 pulveris

674 1519 756 1634 seu
793 1523 855 1608 vis
894 1517 1080 1638 impulsus
1121 1525 1199 1608 erit
1229 1526 1429 1638 quantitas
1458 1525 1657 1638 constans,
1686 1522 1857 1610 elevatio
1885 1548 2017 1609 autem
2045 1549 2122 1610 tot·

682 1641 808 1726 menti
835 1669 922 1725 eum
951 1641 1188 1756 longitndine
1218 1643 1336 1726 iallus
1367 1639 1527 1759 eiusque
1555 1643 1758 1732 duratione
1798 1645 1854 1730 ad
1880 1645 2124 1760 quantitates

681 1757 892 1848 variabiles
922 1753 1068 1875 suferri
1096 1760 1325 1871 debebunt;
1344 1759 1387 1874 fi
1404 1759 1563 1880 quidem
1584 1787 1660 1882 pso
1686 1762 1862 1850 omnibus
1890 1763 2121 1848 elevationis

677 1877 861 2000 gradibus
890 1877 960 1966 bas
987 1911 1048 1965 tes
1094 1879 1260 1996 definire
1296 1881 1493 1997 velimus,
1521 1909 1568 1968 ut
1597 1883 1689 1971 inde
1718 1879 1967 1996 innoteseat,
1994 1915 2117 1999 quan·

680 2025 748 2083 tae
792 2000 1021 2084 mutationes
1050 2001 1093 2085 in
1136 1999 1378 2120 longitudine
1408 2033 1454 2087 ae
1484 1999 1687 2090 duratione
1714 2003 1836 2090 iallus
1864 2003 1915 2087 ab
1943 2003 2116 2088 omnibus

680 2117 909 2208 elevationis
953 2117 1232 2204 variationibus
1276 2123 1470 2210 oriantur.
1497 2123 1601 2210 AEia
1644 2148 1779 2210 autem
1811 2123 1889 2208 erit
1917 2121 2117 2236 quaestio,

671 2235 712 2352 fi
728 2233 904 2351 servata
935 2237 1071 2326 eadem
1100 2241 1285 2328 tormenti
1301 2238 1552 2357 elevatione,
1581 2245 1785 2364 quantitas
1807 2240 1987 2358 pulveris
2011 2245 2119 2358 pytii

678 2359 853 2446 continuo
882 2385 1082 2474 mutetur,
1111 2355 1166 2448 <9¹
1193 2365 1453 2478 mutationes,
1481 2395 1583 2480 quae
1609 2361 1703 2450 inde
1734 2363 1778 2448 in
1807 2359 1949 2446 iallum
1976 2359 2117 2446 redun-

677 2473 803 2592 dant,
830 2477 991 2596 definiri
1019 2479 1214 2567 debeant:
1244 2483 1306 2570 bie
1335 2484 1441 2570 enim
1473 2483 1646 2570 elevatio
1673 2479 1862 2568 tormenti
1890 2482 1970 2563 erit
1998 2511 2119 2594 quan·

676 2597 778 2682 titas
808 2597 1003 2709 constans,
1033 2623 1165 2682 contra
1194 2631 1287 2686 vero
1317 2599 1520 2716 quantitas
1542 2599 1723 2718 pulveris
1747 2599 1858 2714 pyrii
1868 2659 1883 2706 ,
1912 2591 1967 2682 (θ’
1998 2599 2118 2714 longi·

676 2711 771 2801 tudo
798 2744 844 2799 ee
872 2715 1026 2802 duratio
1054 2717 1173 2802 iablus
1203 2721 1445 2834 quantitates
1471 2715 1707 2804 variabiles.
1735 2719 1804 2800 Sit
1832 2715 1955 2834 igitur
1972 2733 2122 2834 patet,

605 2822 611 2851 ¹
676 2833 857 2952 quomodo
886 2861 1036 2922 mutato
1065 2837 1289 2954 quaestionis
1305 2837 1420 2954 statu
1450 2839 1589 2928 eadem
1618 2833 1821 2957 quantitas
1858 2832 1967 2920 modo
2009 2837 2116 2922 ineet

619 3017 621 3028 .
675 2951 912 3066 constantes,
958 2953 1065 3040 modo
1111 2959 1215 3042 inter
1259 2955 1474 3044 variabiles
1503 2959 1701 3046 numerati
1728 2978 1848 3074 queat
1863 2985 1882 3038 .·
1900 2951 2024 3066 fimul
2054 2985 2119 3038 au·

674 3096 757 3158 tem
788 3073 876 3156 bino
923 3073 1190 3190 intelligitur,
1219 3075 1273 3186 ad
1301 3073 1404 3190 quod
1432 3076 1475 3160 in
1503 3077 1570 3162 boc
1597 3075 1749 3192 negotio
1777 3075 1946 3156 maxime
1974 3073 2034 3180 est
2057 3101 2116 3157 at·

674 3189 945 3305 tendendum,
974 3193 1151 3310 quomodo
1196 3187 1437 3311 quantitates
1475 3191 1688 3280 variabiles
1716 3189 1823 3276 aliae
1854 3187 1903 3273 ab
1934 3191 2024 3274 aliis
2055 3195 2115 3275 ita

667 3307 897 3428 pendeant,
943 3337 987 3396 ut
1032 3340 1186 3398 mutata
1231 3345 1310 3398 una
1352 3313 1526 3428 reliquae
1568 3307 1779 3430 neceffatio
1820 3310 2113 3396 immutationes

672 3431 888 3548 recipiant.
933 3433 1064 3519 Priori
1096 3431 1262 3550 scilieet
1307 3429 1428 3548 tofis,
1473 3465 1545 3550 quo
1574 3433 1776 3550 quantitas
1798 3429 1979 3549 pulveris
2003 3431 2109 3545 pyrii

561 3655 564 3661 Δ
674 3550 812 3639 eadem
859 3551 1072 3665 manebat,
1100 3579 1255 3639 mutata
1297 3556 1485 3640 tormenti
1514 3553 1734 3640 elevatione
1762 3553 1886 3637 etiam
1914 3549 2108 3664 longitudo

672 3669 729 3758 (9⁸
758 3667 912 3756 duratio
952 3671 1070 3756 iallus
1111 3699 1347 3781 mutantur,·
1367 3669 1545 3790 suntque
1575 3705 1659 3792 ergo
1689 3664 1968 3790 longitudo&
1995 3666 2107 3751 dura·

668 3789 728 3904 tio
773 3787 891 3874 iablus
937 3795 1176 3910 quantitates
1221 3790 1432 3878 variabiles
1456 3791 1757 3912 pendentesab
1788 3785 2007 3876 elevatione
2036 3811 2109 3869 ton·

667 3911 826 4022 menti,
857 3907 1002 4028 batque
1031 3938 1185 3998 mutata
1204 3911 1328 4026 fimul
1354 3939 1480 3995 certos
1510 3909 1703 4030 quasdam
1718 3910 1950 3997 mutationes
1958 3909 2110 4024 patien-

668 4056 762 4118 tes:
787 4029 981 4146 posteriori
1009 4065 1101 4118 vero
1129 4029 1221 4141 casu
1253 4029 1430 4151 pendent
1464 4064 1490 4114 a
1518 4033 1745 4148 quantitate
1769 4029 1947 4148 pulveris
1969 4027 2104 4140 pusii,

672 4147 781 4236 cuius
828 4151 992 4234 mutatio
1037 4153 1079 4238 in
1124 4153 1205 4237 illis
1250 4177 1376 4238 certas
1433 4149 1663 4238 mutationes
1713 4149 1922 4270 producere
1967 4143 2106 4230 debet.

726 4301 796 4352 uae
844 4295 975 4355 autem
1022 4273 1265 4388 quantitates
1310 4271 1376 4356 boc
1407 4271 1513 4356 modo
1543 4271 1592 4356 ab
1622 4262 1711 4358 aliis
1737 4268 1940 4389 pendent,
1970 4287 2015 4346 ut
2046 4263 2105 4348 bis

672 4387 835 4470 mutatis
879 4393 1001 4474 etiam
1048 4389 1157 4508 ipsae
1202 4391 1432 4474 mutationes
1450 4386 1655 4502 subeant,
1685 4421 1753 4474 eae
1783 4389 1917 4471 barum
1939 4382 2106 4498 funilio-

670 4537 738 4589 nes
771 4508 961 4624 appellari
977 4505 1149 4622 solent,·
1177 4541 1278 4626 quae
1315 4509 1573 4596 denominatio
1601 4503 1790 4625 lottiffime
1815 4533 1959 4624 patet,
1990 4527 2106 4616 utque

669 4655 797 4708 omnes
844 4629 996 4740 modos,
1041 4629 1175 4744 quibus
1220 4660 1297 4713 una
1342 4631 1540 4742 quantitas
1579 4649 1653 4744 per
1709 4628 1806 4712 alias
1852 4622 2105 4712 determinati

666 4743 789 4866 potest
806 4809 832 4854 ,.
865 4747 905 4830 in
923 4743 978 4860 se
1008 4749 1295 4869 complellitur.
1341 4750 1387 4830 Si
1418 4749 1536 4864 igitur
1577 4775 1606 4830 x
1636 4745 1793 4832 denotet
1838 4745 2102 4859 quantitatem

669 4863 932 4980 stertentem,
962 4899 1087 4952 omnes
1118 4871 1360 4986 quantitates
1376 4931 1395 4980 ,ἢ
1420 4899 1519 4984 quae
1548 4871 1741 4983 utcunque
1770 4864 1819 4948 ab
1848 4891 1877 4946 x
1904 4861 2102 4978 pendent,

662 4982 743 5092 ‘feu
766 5009 839 5104 per
886 5020 969 5072 eam
1017 4989 1354 5102 determinentur,
1385 4991 1463 5074 eius
1484 4981 1705 5106 [unitiones
1731 5007 1917 5072 vocantsn
1930 5013 1951 5094 ;
1979 4973 2103 5090 cuius·

1965 5131 2040 5183 mo·
