4909 6334
600 740 604 749 ’
745 738 797 848 5ss
1173 725 1489 811 CAPUT
1549 726 1616 809 ΙΠ.

679 909 792 1001 simul
837 902 1107 1023 intelligitur,
1153 903 1264 990 omni
1289 888 1543 1021 quantitate,
1574 902 1822 1023 quantumvis
1849 903 1902 989 stt
1932 933 2094 1021 magna,

678 1036 800 1122 adhuc
829 1030 910 1115 dari
944 1027 1164 1136 maiorem,
1195 1026 1341 1141 haeque
1370 1020 1496 1111 denuo
1526 1022 1717 1117 maiorem
1732 1090 1746 1135 ,
1760 1022 1900 1141 licque
1929 1025 2096 1141 augendo

676 1152 865 1241 continuo
913 1146 1074 1234 ulterius
1117 1144 1198 1231 fine
1241 1142 1346 1257 fine,
1393 1140 1472 1227 hoc
1514 1140 1569 1227 est
1613 1142 1657 1229 in
1684 1142 1915 1257 infinitum,
1947 1142 2097 1264 procedi

705 1270 804 1357 offe.
1485 1274 1489 1281 '

678 1303 703 1393 p
799 1414 866 1501 74
927 1386 1170 1503 Quanquam.
1208 1406 1338 1465 autem
1387 1382 1481 1469 haec
1526 1372 1611 1468 lunt
1654 1378 1749 1467 adeo
1797 1374 2017 1499 perspicua,
2056 1400 2098 1461 ut

679 1506 746 1627 qui
793 1535 837 1593 ea
882 1532 1019 1619 negare
1064 1501 1216 1611 vellet,
1261 1498 1332 1586 fibi
1363 1499 1440 1619 ipse
1470 1499 1729 1587 contradicere
1758 1498 1938 1615 deberet;
1970 1524 2099 1585 tamen

680 1628 754 1715 illa
791 1624 946 1712 infiniti
991 1621 1219 1709 doslrinaa
1260 1616 1461 1736 pluribus,
1490 1618 1556 1735 qui
1587 1647 1672 1703 eam
1695 1618 1897 1735 explicare
1928 1616 2012 1704 sunt
2042 1644 2101 1701 co·

681 1746 793 1859 nati,
840 1769 1042 1859 tantopere
1085 1739 1142 1824 est
1187 1734 1395 1848 offislcata,
1442 1734 1629 1855 tantisque
1673 1736 1965 1824 difficultatibus
1993 1758 2103 1853 atque

681 1854 803 1953 etiam
848 1856 1219 1949 contradifflonibus
1265 1854 1483 1969 obvoluta,
1528 1880 1602 1967 ut,
1646 1884 1720 1977 qua
1765 1854 1801 1943 se
1841 1854 2102 1964 extricarent,

680 1982 788 2071 nulla
827 1980 892 2067 vla
923 2002 1099 2099 pateret.
1129 1982 1196 2062 Ex
1226 2004 1274 2061 eo
1290 2040 1303 2087 ,
1317 2048 1318 2055 a
1332 1976 1435 2094 quod
1490 1974 1656 2063 unitas
1685 1975 1729 2063 in
1759 1972 1961 2063 inlinitum
1990 2000 2102 2087 auge»,

683 2102 721 2189 ri
766 2102 910 2221 polin,
939 2097 1098 2216 quidam
1125 2091 1423 2205 concluserunt,
1522 2094 1701 2182 irenem
1728 2093 1988 2212 quantitatem
2020 2090 2102 2180 infit

610 2282 625 2296 -
682 2220 839 2332 nitam,
870 2213 1044 2351 sensuque
1089 2214 1149 2300 ita
1189 2210 1493 2333 descripserunt,
1538 2237 1588 2329 up
1612 2212 1767 2303 uadum
1806 2212 1976 2332 asnplius
1996 2241 2101 2347 ‚auge

680 2364 860 2425 mentum
903 2333 1085 2453 suscipere
1131 2332 1271 2451 posita
1315 2338 1407 2419 Hor
1446 2356 1577 2419 autem
1600 2326 1692 2451 ipsa
1720 2330 1846 2421 ideam
1876 2332 2101 2450 quantitatis

680 2476 893 2569 ¹evertunt,
934 2454 1030 2539 dum
1071 2450 1262 2539 eiusmodi
1283 2518 1286 2526 ,
1306 2448 1792 2569 quantitatemstatuunt,
1820 2475 1915 2569 quae
1946 2449 2101 2551 ulterius

677 2576 813 2691 augeri
844 2596 1025 2693 nequeat.
1055 2576 1255 2657 Pmeroe
1283 2598 1378 2655 vero
1408 2564 1536 2657 serum
1565 2568 1635 2689 ipfi
1665 2566 1867 2663 infinitum
1896 2569 2102 2671 adnittena

683 2722 742 2783 tus
771 2715 972 2815 pugnant,
997 2690 1094 2775 dum
1123 2688 1231 2775 enim
1260 2688 1520 2801 incrementi,
1549 2718 1628 2805 quo
1658 2688 1851 2805 quantitas
1879 2686 1927 2778 stt
1958 2716 2101 2807 capax,

677 2814 805 2900 ,finem
844 2808 1019 2921 faciunt,
1046 2808 1161 2896 simul
1189 2834 1331 2923 nqeue
1358 2807 1620 2927 quantitatem
1648 2804 1728 2895 fine
1757 2807 1833 2895 line
1858 2808 1990 2923 augeri
2018 2804 2101 2925 pos·

682 2930 752 3045 se,
789 2958 932 3044 negant
961 2958 1056 3041 ergo
1083 2956 1237 3046 quoque
1263 2926 1525 3045 quantitatem
1553 2925 1598 3013 in
1627 2924 1829 3017 inlinitum
1858 2925 1989 3041 augeri
2016 2922 2100 3046 pol

681 3048 752 3160 se,
780 3049 966 3166 quoniam
1003 3074 1162 3165 utraque
1191 3046 1345 3133 locutio
1374 3045 1581 3162 congruit:
1612 3044 1763 3163 lacque,
1792 3046 1886 3135 dum
1915 3046 2100 3163 quantita

690 3195 770 3253 tern
803 3166 999 3251 infinitam
1025 3164 1226 3277 statuum,
1253 3194 1343 3250 eam
1371 3164 1487 3251 fintul
1512 3162 1693 3255 tollunt.
1724 3166 1768 3255 Si
1791 3164 1898 3257 e'uint
1913 3164 2101 3282 quantitas

688 3284 765 3371 fine
809 3286 914 3398 line,
958 3286 1035 3371 hoc
1072 3284 1126 3369 est
1156 3284 1197 3369 iu
1226 3282 1457 3397 infinitum,
1478 3282 1617 3401 urgeri
1642 3310 1835 3403 nequeat,
1864 3310 1967 3374 certe
1997 3280 2101 3372 nulla

684 3404 882 3522 quantitas
912 3402 1068 3489 infinita
1094 3402 1258 3490 existere
1288 3404 1462 3525 pateris.
2037 3488 2046 3501 ,

774 3510 780 3519 ’
812 3546 880 3635 75.
906 3514 910 3523 ’
939 3520 1049 3609 Hinc
1094 3522 1217 3637 igitur
1243 3554 1296 3611 ex
1329 3554 1377 3611 eo
1405 3522 1517 3647 ipso,
1544 3528 1648 3643 quod
1678 3522 1809 3613 marnis
1837 3522 2031 3641 quantitas
2058 3519 2098 3607 in

683 3640 889 3727 inlinitum
934 3641 1063 3757 augeri
1105 3642 1253 3761 possit,
1284 3642 1385 3761 stqui
1416 3645 1570 3731 videtur
1603 3642 1765 3754 nullam,
1797 3642 1880 3733 dari
1911 3638 2097 3761 quantita·

688 3785 773 3847 tem
816 3758 1044 3847 infinitam..
1084 3759 1297 3882 Quantitas
1327 3762 1435 3849 enim
1463 3760 1658 3849 continuis
1688 3760 1936 3849 incrementis
1965 3760 2097 3870 ausis,

684 3878 843 3964 infinita
886 3908 966 3965 non
1004 3880 1172 3991 evadet,
1206 3878 1281 3965 nili
1322 3880 1401 3965 iam
1430 3880 1508 3965 stne
1537 3878 1613 3966 fine
1642 3880 1878 3969 increverit:
1908 3880 2010 3999 quod
2037 3906 2097 3965 au·

684 4022 770 4083 tem
801 3998 878 4082 stne
907 3998 983 4102 fine
1014 3998 1097 4084 fieri
1124 4000 1268 4112 debet,
1298 3998 1338 4083 id
1370 4028 1446 4085 nnn
1480 4026 1662 4117 tanquam
1692 3999 1773 4085 iam
1801 3996 1945 4087 fastum
1973 3996 2097 4091 conci·

673 4114 728 4234 -pi
760 4114 909 4234 potest..
938 4117 1104 4203 Interim
1137 4144 1266 4204 tarnen
1297 4140 1377 4203 non
1408 4116 1533 4204 solum
1564 4116 1784 4205 huiusmodi
1814 4118 2096 4238 quantitatem,

653 4234 731 4319 ·ad
745 4262 877 4352 ,quam
905 4234 1153 4323 incrementis
1182 4237 1259 4322 fine
1289 4238 1366 4323 fine
1395 4236 1580 4352 congestis
1610 4237 1861 4355 pervenitur,
1890 4262 1997 4326 nerto
2012 4236 2096 4325 elsa·

684 4354 829 4471 rediere
867 4353 1063 4464 indicare,
1092 4353 1215 4472 stoque
1244 4356 1378 4441 debito
1408 4356 1528 4444 modo
1556 4355 1600 4442 in
1628 4356 1819 4445 calculum
1848 4356 2024 4447 inducere
2054 4352 2096 4441 li·

649 4498 775 4583 ·cet,
804 4471 864 4558 uti
894 4504 992 4559 mox
1022 4470 1136 4561 sullus
1164 4474 1401 4562 ostendemus
1416 4506 1430 4591 ;
1460 4474 1517 4562 sed
1549 4476 1668 4561 etiam
1697 4475 1740 4563 in
1771 4476 1915 4563 mundo
1939 4472 2095 4563 eiulino·

681 4591 733 4676 di·
769 4590 868 4677 casus
914 4592 1105 4705 existere,
1149 4592 1214 4678 vel
1247 4590 1380 4681 saltem
1409 4594 1563 4713 concipi
1594 4593 1774 4717 possunt,
1804 4594 1940 4713 quibus
1970 4620 2096 4703 pume-

684 4730 746 4796 rus
791 4710 971 4797 infinitus
1013 4711 1290 4797 adluexistere
1320 4714 1522 4801 videatur.
1553 4715 1616 4803 Sic
1647 4714 1675 4799 st
1706 4712 1949 4803 materiain.
1971 4706 2096 4797 infini-

683 4848 768 4919 tuur
786 4830 849 4960 lit
875 4828 1112 4942 diyifibilis,
1142 4831 1198 4919 uti
1231 4830 1358 4950 plures
1389 4832 1627 4953 Philosophi
1646 4834 1893 4956 dianium
1912 4842 2096 4925 couniens

702 5006 725 5015 ..
1296 5017 1306 5031 .
1329 5017 1339 5031 u
1962 4977 2044 5067 pas,
