4909 6334
748 787 859 852 mv
1150 760 1630 844 ΡΚΑΕΡΑΤΙΟ.

690 937 768 1062 effe
799 941 961 1026 arbitror
1006 935 1115 1052 usum
1145 941 1300 1024 Calculi
1329 928 1605 1052 differentialis
1636 963 1754 1054 atquc
1783 933 1999 1076 Anadyseos
2025 933 2112 1051 infi-

689 1065 855 1146 tritorum
899 1060 941 1145 in
964 1091 1106 1176 genere
1131 1059 1304 1178 pluribus
1333 1057 1526 1170 ostendere
1533 1091 1554 1168 ‚·
1582 1087 1668 1141 cum
1698 1089 1796 1142 nunc
1825 1055 1983 1172 quadum
2003 1052 2109 1168 satis

680 1178 738 1294 sit
784 1181 1044 1298 exploratum,
1075 1175 1113 1292 fi
1157 1178 1225 1263 vol
1265 1175 1503 1292 laviffimam
1531 1177 1891 1296 investigationem,
1921 1178 1964 1260 in
1993 1206 2109 1288 quam

690 1327 811 1384 motus
856 1322 1044 1418 corporum
1089 1325 1173 1382 tam
1207 1295 1422 1408 solidorum
1468 1330 1585 1412 quam
1603 1297 1814 1414 fluidorum
1844 1293 2114 1412 ingrediatur,

689 1423 921 1506 accuratius·
947 1419 1144 1532 instituere
1189 1418 1384 1528 velimus,
1414 1417 1457 1500 id
1485 1449 1558 1500 non
1581 1415 1709 1528 solum
1739 1447 1811 1500 non
1831 1413 1918 1526 fine
1949 1407 2113 1525 Anaiyfi

687 1537 925 1654 infinitorum
967 1537 1153 1655 praestari
1191 1530 1326 1654 pff,
1357 1532 1442 1647 sad
1480 1536 1578 1620 banc
1607 1535 1732 1655 ipsam
1751 1534 1968 1648 scitmiam
1986 1530 2113 1648 saepo

689 1660 854 1745 nondum
889 1654 997 1770 satis
1039 1655 1229 1740 excultam
1260 1649 1368 1770 effe,
1397 1681 1440 1737 ut
1469 1687 1553 1739 rem
1577 1661 1734 1773 penitus
1766 1655 1955 1770 ruplicara
1983 1654 2114 1736 valca-

689 1810 798 1862 mus.
844 1781 924 1861 Per
964 1807 1087 1860 omues
1105 1772 1267 1886 scilicet
1296 1769 1520 1880 Matbcsaos
1545 1795 1678 1893 partas
1709 1771 1798 1886 usus
1828 1771 1936 1860 buius
1966 1772 2114 1881 Analy·

679 1893 771 2010 saos
788 1894 1034 2009 sublimioris
1079 1890 1201 2006 usquc
1230 1893 1324 1979 adeo
1353 1885 1618 2008 diffunditur,
1648 1922 1691 1979 ut
1721 1895 1876 2003 omnia,
1904 1924 2002 2008 quae
2025 1887 2111 2000 piu

689 2019 770 2102 aius
817 2019 1044 2100 interventu
1075 2011 1197 2098 adhuc
1230 2013 1406 2132 expedire
1434 2018 1576 2127 licuit,
1599 2039 1669 2136 pro
1699 2014 1818 2100 nihilo
1842 2010 2114 2130 propemodum

679 2133 765 2253 fine
795 2134 997 2222 habenda.

808 2253 997 2370 Constitui
1041 2251 1157 2370 igitur
1203 2254 1246 2338 in
1290 2253 1355 2340 hoc
1384 2255 1481 2341 libro
1510 2255 1734 2368 universum
1764 2253 1968 2337 Calculum
2000 2244 2115 2364 diffc-

689 2376 896 2462 rentiaiem
943 2406 988 2460 eu
1016 2375 1122 2458 ueris
1147 2375 1348 2492 principiis
1379 2378 1589 2489 derivare,
1618 2403 1737 2492 atque
1767 2378 1825 2459 ita
1854 2369 2002 2489 copiose
2029 2395 2116 2488 par·

691 2497 886 2607 traiiarc,
931 2519 973 2578 ut
1013 2491 1114 2578 nibil
1184 2498 1515 2581 raatrrmitterem
1545 2529 1700 2608 aarum,
1730 2526 1830 2610 quac
1858 2491 2015 2606 quidem
2047 2491 2116 2574 ad·

692 2615 764 2700 huc
795 2647 836 2698 ao
861 2613 1102 2731 pertinentia
1121 2515 1223 2718 ,dm
1263 2615 1452 2698 invema.
1496 2617 1543 2696 In
1572 2615 1667 2698 duas
1696 2636 1782 2730 opus
1812 2608 1930 2719 divifi
1954 2631 2113 2725 partes,

690 2736 735 2818 in
773 2763 933 2848 quarum
959 2733 1079 2848 priori
1109 2729 1214 2813 iaiiis
1245 2732 1385 2818 calculi
1415 2724 1691 2846 differentialis
1721 2727 1999 2844 fundamentis
2038 2759 2117 2812 ma·

691 2851 847 2938 ehodum
879 2845 1028 2966 astposui
1073 2851 1191 2932 omnis
1216 2855 1369 2970 generis
1389 2849 1610 2967 funditores
1639 2843 1966 2964 dffarantiandi,
1996 2879 2120 2964 nequa

692 2997 845 3056 tantum
893 2963 1175 3082 dffererttialia
1215 2974 1337 3085 primi
1381 2971 1561 3081 ordinis,
1594 2967 1678 3082 sed
1724 2975 1844 3056 etiam
1883 2965 2117 3079 superiorum

693 3089 865 3174 ordinum
911 3086 1169 3190 inveniendi;
1206 3086 1297 3199 five
1333 3085 1550 3200 funfliones
1595 3093 1749 3179 unicam
1775 3087 2009 3174 variabilem
2030 3085 2119 3198 five

694 3209 788 3294 duas
825 3201 1010 3324 pluresve
1056 3203 1286 3293 involvant.
1315 3210 1363 3288 lu
1391 3209 1519 3291 altera
1548 3233 1681 3290 autem
1703 3231 1820 3325 parte
1849 3203 2120 3320 amplrffimurn

697 3327 807 3412 huius
854 3325 992 3410 calculi
1039 3321 1149 3436 usum
1179 3328 1221 3410 in
1251 3323 1335 3443 ipsa
1366 3326 1532 3440 Analpfi
1551 3326 1763 3441 finitorum
1791 3357 1836 3410 ae
1865 3325 2033 3409 dmi-ina
2052 3322 2119 3435 se·

695 3450 838 3531 riarum
870 3441 1054 3561 eupcffui;
1084 3443 1148 3528 ubi
1178 3447 1300 3530 ctiam
1331 3448 1522 3565 imprimis
1553 3446 1765 3532 Tharriam
1795 3447 2046 3528 maximorum
2079 3475 2121 3527 ac

697 3567 938 3650 minimorum
969 3561 1138 3648 dilucide
1170 3566 1387 3682 explicavi.
1418 3569 1481 3649 Da
1511 3561 1582 3672 usu
1612 3593 1744 3651 autem
1773 3565 1882 3650 buius
1912 3563 2056 3646 calculi
2083 3565 2122 3648 in

696 3685 916 3769 Geometria
955 3681 1145 3766 linearum
1192 3715 1397 3770 curvarum
1441 3687 1541 3770 nibil
1585 3687 1708 3770 adbuc
1749 3678 1912 3800 affero,
1957 3683 2057 3796 quod
2086 3713 2124 3766 eo

694 3807 821 3888 minus
866 3799 1173 3914 defiderabitur‚
1218 3835 1305 3886 cum
1349 3809 1391 3890 in
1422 3806 1512 3891 aliis
1541 3807 1713 3924 operibus
1744 3805 1836 3889 haec
1861 3824 1953 3918 pars
1983 3806 2043 3886 ita
2072 3831 2125 3884 ca·

691 3920 799 4041 piosa
820 3921 879 4034 fit
904 3919 1166 4038 pertrai‘iata,
1196 3950 1240 4008 ut
1271 3923 1364 4009 adeo
1388 3927 1521 4042 prima
1550 3926 1690 4010 cuculi
1719 3915 1994 4036 differentialis
2019 3923 2126 4036 prin·

698 4045 800 4158 cipio
846 4037 952 4154 quast
994 4070 1039 4122 cu
1068 4043 1292 4128 Geometria
1312 4042 1397 4156 fint
1421 4049 1582 4163 petita,
1613 4045 1664 4130 ad
1693 4044 1865 4157 hancque
1883 4037 2126 4148 scienciam,

698 4189 784 4245 cunt
831 4159 899 4243 viu
933 4153 1042 4268 satis
1088 4153 1210 4274 affirm
1256 4165 1441 4278 evoluta,
1477 4163 1637 4278 summa
1675 4193 1768 4246 cura
1798 4159 1991 4278 applicata
2006 4184 2032 4242 .·
2048 4161 2124 4240 Hic

698 4305 827 4364 autem
873 4277 999 4360 omnia
1044 4280 1102 4362 ita
1148 4281 1254 4366 intra
1294 4281 1507 4396 Analpstos
1533 4309 1653 4402 purae
1674 4284 1830 4367 ¹limites
1859 4283 2127 4383 continentur,

696 4425 740 4481 ut
770 4429 818 4480 nc
849 4395 930 4480 ulla
961 4397 1119 4512 quidem
1140 4397 1274 4516 figura
1312 4425 1400 4520 opus
1420 4400 1584 4516 fuerit,
1613 4402 1821 4488 adomnia
1852 4396 1963 4486 buius
1990 4395 2126 4482 caicuii

689 4537 899 4634 praccepta
930 4516 1177 4636 explicanda.
