4909 6334
724 778 782 891 7⁸.
1156 734 1471 863 c'Arun·
1527 776 1594 864 nr.

661 942 747 1067 fic,
775 944 932 1040 veritati
963 946 1137 1039 maxime
1166 954 1220 1043 est
1248 952 1517 1043 consentanea.
1563 948 1730 1043 Interim
1770 952 1901 1039 tamen
1940 974 2075 1039 contra

656 1102 747 1159 erm
775 1070 928 1159 summo
955 1068 1040 1159 iure
1069 1071 1192 1161 obiici
1221 1072 1368 1195 potest,
1399 1074 1468 1161 hac
1497 1096 1730 1161 memoratas
1760 1068 1946 1183 summas,
1961 1100 2074 1191 quan·

660 1190 809 1279 tumvis
852 1219 877 1277 a
919 1189 1086 1279 veritate
1127 1193 1338 1281 abhorrere
1382 1192 1613 1305 videantur,
1652 1216 1781 1277 tamen
1811 1218 2007 1309 nunquam
2036 1190 2077 1277 in

656 1338 806 1397 errores
843 1308 1049 1423 inducere3
1091 1312 1188 1431 quin
1233 1312 1363 1432 potius
1407 1312 1458 1399 iis
1495 1310 1661 1399 admissis
1690 1308 1860 1515 plurima
1889 1308 2078 1427 praeclara

657 1426 731 1517 esse
758 1452 895 1541 eruta,
938 1426 1076 1545 quibus
1118 1430 1263 1518 uittas
1293 1428 1567 1519 summationes
1623 1458 1689 1517 ror
1704 1459 1747 1517 us
1775 1426 1930 1515 reiicere
1959 1426 2078 1515 velle·

655 1576 773 1663 mus,
801 1546 1006 1635 carendum
1033 1544 1152 1636 esset.
1180 1554 1319 1669 Neque
1347 1580 1444 1639 vero
1472 1550 1547 1637 hae
1593 1576 1775 1661 nunnae,
1803 1546 1831 1633 se
1861 1544 1977 1634 essent
2005 1544 2077 1633 fal-

611 1772 615 1779 ·
655 1664 743 1781 sae,
787 1689 975 1787 perpetuo
1002 1666 1050 1753 ad
1079 1666 1290 1755 veritatem
1320 1696 1392 1757 nos
1419 1666 1563 1757 ducere'
1585 1666 1761 1787 pofl'ent3
1789 1664 1885 1785 quin
1916 1664 2075 1787 potius,

653 1814 747 1875 cum
790 1812 872 1871 non
912 1812 1049 1905 parurn
1091 1782 1153 1873 sed
1182 1785 1339 1873 infinite
1366 1814 1390 1873 a
1417 1786 1584 1875 veritate
1611 1782 1853 1905 discrepent,
1882 1814 1954 1871 nos
1983 1812 2079 1903 quo-

653 1900 801 2023 quein
830 1901 1033 1991 infinitum
1061 1932 1085 1989 a
1113 1934 1210 1992 vero
1240 1904 1409 1993 seducere
1437 1905 1645 1993 deberent.
1675 1905 1799 2109 (pund
1829 1928 1959 1991 tannen
1988 1930 2080 1991 cum

651 2050 736 2113 non
764 2020 946 2135 eveniat,
973 2020 1230 2110 difficillimus
1259 2023 1373 2111 nobis
1401 2024 1515 2111 restat
1545 2022 1665 2111 nodus
1710 2022 1925 2111 olvendus.

779 2170 874 2227 110.
936 2138 1043 2226 Dico
1082 2139 1205 2257 igitur
1251 2142 1293 2231 in
1321 2170 1421 2231 voce
1456 2142 1640 2255 summae
1671 2138 1788 2231 lutere
1819 2164 1946 2227 totam
1976 2140 2079 2227 diffi-

652 2256 870 2372 cultatem3
914 2256 942 2341 st
988 2256 1096 2347 enim
1114 2260 1277 2375 summa
1307 2259 1447 2373 seriei,
1476 2286 1522 2349 ut
1551 2260 1673 2375 vulgo
1702 2257 1787 2347 usuc
1816 2257 1922 2372 sert,
1954 2256 2077 2345 suma·

652 2402 719 2465 tur
762 2406 837 2497 pro
879 2404 1088 2493 aggregato
1131 2380 1315 2469 omnium
1358 2380 1439 2469 eius
1486 2380 1746 2467 terminorum
1774 2379 1863 2467 estu
1890 2376 2077 2467 coneto·

650 2524 773 2609 rum,
802 2522 888 2585 turn
915 2496 1079 2587 dubium
1106 2497 1161 2585 est
1189 2497 1383 2613 nullum,
1421 2498 1517 2618 quin
1546 2528 1680 2589 nerum
1710 2523 1863 2587 tantum
1893 2494 2080 2589 seriorum

652 2614 697 2699 in
726 2614 928 2701 infinitum
955 2616 1248 2703 excurrentium
1278 2616 1448 2707 summae
1475 2616 1656 2705 exhiberi
1684 2642 1848 2736 queant,
1877 2644 1972 2735 quae
2001 2614 2082 2703 srnt

651 2757 972 2847 emungentes,
1016 2759 1133 2853 atque
1175 2734 1368 2825 continuo
1412 2736 1569 2857 propius
1607 2736 1653 2822 ad
1683 2760 1835 2825 certum
1864 2735 2082 2851 statumque

651 2846 830 2939 valorem
857 2850 1072 2967 deducant,
1099 2882 1180 2975 quo
1208 2854 1337 2977 pluret
1366 2854 1528 2947 termini
1556 2854 1645 2943 estu
1688 2852 1951 2971 colligantur.
2011 2858 2079 2943 Se·

651 2968 729 3058 ries
756 2997 889 3061 autem
915 2972 1188 3087 divergentes‚
1216 3004 1380 3093 quarunt
1409 2974 1571 3065 termini
1601 3005 1680 3063 non
1709 2970 1954 3087 decrescunt,
1969 3020 1983 3027 -
1999 2970 2081 3059 srve

652 3088 759 3201 signa
788 3092 835 3185 -Ι-
864 3090 904 3171 8(
934 3134 1006 3155 -
1048 3089 1286 3191 alternentur
1330 3092 1411 3179 five
1439 3092 1539 3183 secut
1568 3087 1589 3207 ,’
1627 3092 1779 3213 prorsus
1808 3090 1933 3181 nullas
1964 3090 2080 3190 habe·

652 3206 751 3292 bunt
795 3200 960 3293 summac
1004 3204 1146 3324 finias3
1189 3210 1219 3295 si
1259 3209 1416 3329 quidem
1443 3242 1528 3301 vox
1559 3210 1728 3301 summae
1759 3212 1839 3300 hoc
1868 3206 1973 3299 sensu'
2002 3236 2078 3329 pro

650 3346 859 3441 aggregato
902 3324 1086 3414 omniunt
1130 3326 1392 3419 terminorum
1435 3329 1686 3452 accipiatur.
1725 3334 1787 3417 At
1826 3359 1922 3417 vero
1953 3326 1996 3415 in
2027 3326 2077 3426 iis

650 3441 838 3559 casibus,
879 3451 1050 3563 quoium·
1068 3473 1074 3494 ¹
1091 3446 1383 3567 meminimus,
1453 3452 1563 3541 uibus
1592 3480 1642 3539 ex
1672 3448 1884 3539 istiusmodi
1916 3444 2077 3535 summit

651 3560 822 3651 erroneis
850 3562 995 3654 veritas
1026 3590 1156 3657 tamen
1184 3560 1342 3659 elicitur
1366 3602 1380 3687 ;
1418 3482 1459 3659 ii
1488 3600 1576 3693 non
1598 3570 1668 3687 sit,
1706 3592 1891 3691 quatenus
1920 3560 2073 3687 expres·

647 3761 710 3849 fio
738 3757 880 3875 finita,
909 3762 1023 3852 verbi
1051 3763 1178 3884 gretia
1209 3720 1331 3935 ἐκ
1345 3832 1359 3883 ,
1387 3768 1442 3857 est
1470 3768 1618 3859 summa
1646 3766 1756 3862 seriei
1790 3764 1923 3864 ΓΗ
1947 3762 2061 3863 ‘itt'

649 3962 698 4063 i·
711 3961 828 4065 ⁸³4·
855 3966 929 4054 &c-
963 3962 1032 4058 sed
1076 3990 1261 4173 patenas
1305 3996 1351 4057 m
1393 3968 1583 4091 expreffio
1621 3966 1780 4057 evoluta
1809 3966 1909 4055 hane
1940 3958 2076 4099 seriem

650 4082 836 4216 Pf²0b013
864 4082 987 4202 ficque
1015 4084 1060 4173 in
1120 4116 1167 4175 oc
1195 4086 1359 4206 negotio
1387 4118 1533 4179 nornen
1563 4086 1732 4180 sununae
1761 4084 1913 4209 prorsus
1953 4106 2072 4169 omrt·

655 4221 690 4283 n
719 4194 863 4317 posset.

775 4348 870 4407 111.
928 4325 1038 4410 Haec
1067 4322 1190 4437 igitur
1220 4326 1473 4417 incommoda
1502 4394 1517 4443 ‚
1560 4326 1704 4561 haspue
1731 4349 1956 4446 apparentes
1983 4352 2074 4411 con·

650 4433 899 4527 traditiones
928 4438 1081 4561 penitus
1109 4442 1387 4561 evitabimus,
1432 4448 1582 4535 fivoci
1650 4476 1803 4533 emmae
1846 4442 1966 4531 aliam
2007 4468 2075 4529 no·

652 4552 833 4665 tionem,
860 4582 975 4675 atque
1002 4560 1125 4676 vulgo
1155 4562 1240 4651 sieri
1271 4562 1405 4679 solet,
1447 4566 1684 4655 tribuamus.
1745 4562 1935 4653 Dicamus
1980 4589 2074 4675 ergo

649 4668 759 4759 seriei
803 4672 981 4793 cuiusque
1023 4680 1201 4769 infinitae
1235 4678 1437 4795 summam
1477 4684 1549 4772 effe
1578 4685 1858 4809 expressionem
1888 4678 2072 4791 finitam,

515 4863 517 4868 .
650 4820 704 4877 ex
747 4790 855 4882 cuius
898 4796 1127 4889 evolutione
1155 4800 1229 4889 illa
1257 4800 1367 4893 series
1396 4798 1592 4895 nascatur.
1636 4810 1803 4927 Hooque
1832 4798 1935 4925 sensu
1966 4796 2072 4889 seriei

1955 4948 2014 5005 rn-
