4909 6334
830 805 1277 898 CAPUTIX.
1630 813 1717 920 '215

348 989 620 1110 aequationem
673 986 828 1077 finitam
883 985 1057 1074 satisfieri
1111 985 1266 1105 potest,
1322 981 1534 1072 cuiusmodl
1579 1015 1661 1076 erat
1707 990 1779 1078 illa

345 1113 610 1230 zdyzydx,
646 1137 762 1228 quant
791 1106 912 1194 modo
941 1104 1287 1192 consideravimus.
1314 1103 1512 1224 Aequatio
1541 1132 1672 1192 autem
1701 1112 1778 1194 erit

349 1227 466 1316 realis
482 1297 513 1344 „
540 1229 602 1318 cui
645 1224 890 1346 aequivalens
918 1223 1112 1343 'aequatio
1142 1223 1254 1309 finita
1285 1224 1465 1310 exhiberi
1495 1225 1648 1344 potest,
1678 1230 1781 1344 quod

348 1347 511 1460 evenit,
554 1349 583 1432 fi
624 1375 701 1433 una
729 1342 934 1433 variabilis
959 1341 1128 1462 aequalis
1158 1343 1206 1428 fit
1235 1365 1361 1430 certae
1389 1343 1561 1479 cuipiam
1590 1343 1795 1433 sunslioni

349 1467 529 1554 binarum
561 1463 819 1586 reliquarum.
852 1461 1083 1551 Cuiusmodi
1112 1461 1165 1548 est
1196 1463 1291 1548 haec
1320 1469 1525 1580 aequatio:

530 1585 607 1702 zdy
637 1591 683 1682 -Ι-
707 1586 793 1699 yda
822 1615 877 1670 :
907 1583 985 1667 xalta
1014 1586 1061 1683 -Ι-
1092 1583 1169 1667 zela
1198 1581 1244 1679 -Ι-
1274 1583 1347 1698 ndy
1376 1582 1527 1699 ·l·ydtr

347 1702 531 1818 congruit
561 1702 669 1789 enim
698 1704 792 1790 haec
823 1729 914 1786 cum
944 1700 1015 1788 illa
1043 1700 1272 1822 aequatione
1302 1699 1441 1784 finita:

526 1901 845 2019 yzzxz-l-xy
915 1899 1036 2018 fitque
1106 1853 1364 2060 κε-Ξ.

355 2095 459 2184 Istud
502 2127 597 2212 ergo
641 2095 846 2185 discrimen
877 2097 981 2184 inter
1010 2095 1235 2184 huiusmodi
1264 2091 1508 2212 aequationes
1539 2088 1786 2214 imaginarias

352 2219 393 2300 8(
439 2213 558 2304 reales
596 2215 886 2331 diligenriffime
916 2217 969 2302 est
999 2216 1306 2324 observandum,
1337 2213 1537 2332 praecipue
1566 2215 1608 2300 in
1637 2217 1787 2306 calculo

356 2321 570 2448 integrali,
642 2335 706 2423 uia
751 2335 961 2422 ridiculum
1008 2334 1142 2447 soret,
1175 2329 1386 2450 cuiuspiam
1416 2333 1655 2448 aequationis
1683 2337 1790 2426 diffe'·

353 2453 530 2540 rentialis
576 2366 679 2542 velle
718 2451 981 2569 integralem,
1013 2455 1091 2542 hoc
1119 2454 1172 2541 est
1201 2451 1471 2569 aequationem
1500 2451 1655 2542 finitam
1686 2454 1788 2543 satis·

353 2568 561 2660 facientem
589 2601 798 2692 quaerere,
827 2603 922 2692 quae
953 2573 1065 2692 plane
1095 2572 1245 2660 nullam
1276 2571 1442 2658 habeat.

480 2723 575 2805 3¹0·
637 2693 816 2778 Primum
847 2691 970 2806 igitur
999 2718 1135 2815 patet,
1165 2721 1301 2778 omnes
1330 2689 1574 2809 aequationes
1614 2691 1790 2782 differen-

353 2808 468 2898 tiales
512 2811 633 2896 trium
674 2811 954 2925 variabilium,
984 2811 1193 2932 inquibus
1225 2835 1378 2896 tantum
1409 2809 1587 2896 binarum
1615 2811 1792 2900 differen-

357 2927 475 3016 tialia
499 2951 751 3044 occurrant,
778 2929 850 3017 else
882 2930 1196 3044 imaginarias&
1226 2925 1420 3014 absurdas.
1462 2935 1655 3052 Ponamus
1685 2931 1794 3018 enim

354 3047 400 3134 in
446 3047 702 3166 aequatione,
747 3079 843 3168 quae
887 3049 1087 3136 contineat
1132 3047 1364 3136 variabilem
1410 3081 1466 3162 z,
1495 3073 1649 3136 tantum
1678 3047 1795 3152 inesse

354 3165 628 3252 differentialia
670 3169 730 3258 dx
760 3173 799 3254 8(
829 3171 882 3282 dy
897 3233 910 3281 ,
928 3167 1193 3257 ⁴differentiale
1221 3187 1354 3252 autern
1380 3167 1438 3250 Δ(
1466 3165 1616 3283 prorsus
1644 3166 1796 3282 abalim

357 3310 474 3402 atque
504 3283 754 3374 manifestum
794 3288 871 3374 erit
901 3286 1052 3373 nullam
1081 3283 1264 3370 exhiberi
1296 3280 1399 3398 poffe
1428 3277 1671 3372 funilionem
1700 3285 1796 3404 ipsa·

357 3433 445 3489 rum
483 3437 517 3493 x
562 3408 601 3489 8(
637 3437 698 3514 y,
742 3434 837 3518 quae
882 3407 974 3490 loco
1002 3435 1031 3486 z
1058 3399 1259 3487 substituta
1286 3397 1555 3516 aequationem
1585 3401 1797 3490 identicam

359 3520 573 3636 producat,
614 3519 886 3608 differentialia
930 3518 1036 3607 enim
1065 3521 1126 3610 dx
1153 3522 1195 3604 8(
1225 3519 1277 3638 dy
1306 3515 1418 3604 nullo
1447 3519 1569 3606 modo
1602 3519 1796 3608 tolentur.

360 3636 440 3722 His
480 3665 577 3750 ergo
622 3635 764 3726 casibus
810 3642 976 3728 omnino
1000 3637 1130 3728 nulla
1160 3638 1276 3725 datur
1305 3637 1483 3756 aequatio
1513 3638 1626 3726 finita
1655 3637 1768 3728 satiss
1781 3693 1798 3710 ·

359 3755 486 3844 ciens:
517 3755 587 3840 nis1
618 3753 722 3844 sorte
750 3757 937 3848 eiusmodi
966 3757 1109 3846 relatio
1138 3757 1243 3844 inter
1273 3791 1305 3848 x
1335 3761 1374 3843 8(
1456 3757 1630 3873 assignari
1660 3785 1797 3877 queat,

363 3903 461 3992 quae
491 3873 674 3993 quicquid
703 3875 752 3961 stt
783 3911 809 3960 z
839 3878 1028 3968 subsistere
1057 3878 1196 3998 pollrt,
1225 3877 1287 3962 uti
1318 3877 1365 3962 fit
1395 3905 1438 3961 111
1463 3878 1535 3964 hac
1550 3881 1809 3996 aequatione:¹

790 3997 1376 4116 zdy-zdxzydy-xdx,
1782 4009 1787 4016 ’

363 4111 427 4200 cui
472 4109 654 4200 satisfacit
681 4117 860 4234 aequatio
884 4143 984 4230 y=
999 4153 1053 4208 x.
1084 4114 1216 4204 Facile
1246 4140 1376 4202 autem
1407 4113 1687 4232 investigatur,
1716 4117 1800 4236 qui-

363 4233 433 4318 bus
477 4230 619 4319 casibus
663 4235 741 4320 hoc
786 4237 966 4348 eveniat,
1006 4234 1219 4355 quaerendo
1250 4234 1480 4324 relationem
1509 4237 1614 4326 inter
1641 4271 1674 4326 x
1704 4241 1800 4354 &y

368 4351 501 4472 primo
548 4349 771 4466 ἦκτο,
817 4360 974 4444 &rum
1003 4386 1052 4442 an
1082 4350 1152 4472 ista
1180 4351 1322 4442 relatio
1353 4355 1574 4474 aequatiuni
1605 4385 1677 4476 pro
1706 4387 1801 4474 quo·

371 4500 519 4589 cunque
549 4469 664 4590 ipsius
682 4479 720 4554 'a
749 4472 883 4562 valore
913 4467 1136 4562 satisfaciat.
1786 4563 1789 4570 ,

498 4619 596 4704 311.
657 4595 797 4709 Neque
842 4623 938 4680 veto
985 4593 1113 4680 sulum
1142 4592 1320 4712 aequatio
1350 4619 1426 4682 tres
1455 4593 1660 4682 variabiles
1689 4595 1802 4682 invo-

375 4707 485 4796 lvens
530 4709 583 4795 ell
628 4707 815 4823 absurda,
844 4711 873 4795 fi
913 4714 991 4799 duo
1023 4739 1177 4800 tantum
1207 4713 1384 4800 continet
1413 4713 1713 4827 differentialia,
1743 4713 1802 4800 sed

377 4826 500 4914 etiam
542 4829 573 4912 st
621 4829 664 4917 in
708 4859 754 4917 ea
783 4831 918 4919 omnia
947 4832 1024 4921 tria
1052 4831 1324 4922 differentialia
1353 4860 1582 4948 occurrant,
1613 4834 1701 4920 talis
1731 4830 1806 4920 esse
1849 4864 1859 4879 ‘¹

1673 4979 1739 5070 ΡΟ·
1788 5045 1799 5074 1
