<?xml version="1.0" encoding="UTF-8"?>
<!DOCTYPE html PUBLIC "-//W3C//DTD XHTML 1.0 Transitional//EN"
    "http://www.w3.org/TR/xhtml1/DTD/xhtml1-transitional.dtd">
<html xmlns="http://www.w3.org/1999/xhtml" xml:lang="en" lang="en">
 <head>
  <title>
</title>
<meta http-equiv="Content-Type" content="text/html;charset=utf-8" />
  <meta name='ocr-system' content='tesseract 3.04.00' />
  <meta name='ocr-capabilities' content='ocr_page ocr_carea ocr_par ocr_line ocrx_word'/>
</head>
<body>
  <div class='ocr_page' id='page_1' title='image "./institutionesca00eulegoog_0169.png"; bbox 0 0 4909 6334; ppageno 0'>
   <div class='ocr_carea' id='block_1_1' title="bbox 745 760 1740 880">
    <p class='ocr_par' dir='ltr' id='par_1_1' title="bbox 745 760 1740 880">
     <span class='ocr_line' id='line_1_1' title="bbox 745 760 1740 880; baseline -0.002 -35"><span class='ocrx_word' id='word_1_1' title='bbox 745 794 749 802; x_wconf 93' lang='lat'>·</span> <span class='ocrx_word' id='word_1_2' title='bbox 877 760 1192 845; x_wconf 78' lang='lat' dir='ltr'>cArttT</span> <span class='ocrx_word' id='word_1_3' title='bbox 1251 762 1313 843; x_wconf 63' lang='lat' dir='ltr'>ns.</span> <span class='ocrx_word' id='word_1_4' title='bbox 1677 774 1740 880; x_wconf 71' lang='lat'>97</span> 
     </span>
    </p>
   </div>
   <div class='ocr_carea' id='block_1_2' title="bbox 345 934 1926 4939">
    <p class='ocr_par' dir='ltr' id='par_1_2' title="bbox 345 934 1926 2951">
     <span class='ocr_line' id='line_1_2' title="bbox 384 934 1805 1051; baseline 0.004 -24"><span class='ocrx_word' id='word_1_5' title='bbox 384 944 454 1027; x_wconf 88' lang='lat' dir='ltr'>bus</span> <span class='ocrx_word' id='word_1_6' title='bbox 500 962 586 1025; x_wconf 89' lang='lat' dir='ltr'>tum</span> <span class='ocrx_word' id='word_1_7' title='bbox 614 938 656 1025; x_wconf 92' lang='lat' dir='ltr'>in</span> <span class='ocrx_word' id='word_1_8' title='bbox 686 934 938 1051; x_wconf 82' lang='lat' dir='ltr'>integralibus</span> <span class='ocrx_word' id='word_1_9' title='bbox 968 934 1209 1023; x_wconf 78' lang='lat' dir='ltr'>inveniendis</span> <span class='ocrx_word' id='word_1_10' title='bbox 1239 934 1410 1023; x_wconf 89' lang='lat' dir='ltr'>versatur</span> <span class='ocrx_word' id='word_1_11' title='bbox 1441 1003 1454 1051; x_wconf 97' lang='lat'>,</span> <span class='ocrx_word' id='word_1_12' title='bbox 1499 940 1537 1022; x_wconf 80' lang='lat'>8&lt;</span> <span class='ocrx_word' id='word_1_13' title='bbox 1568 940 1805 1031; x_wconf 88' lang='lat' dir='ltr'>hancobrem</span> 
     </span>
     <span class='ocr_line' id='line_1_3' title="bbox 382 1054 1806 1175; baseline 0.004 -29"><span class='ocrx_word' id='word_1_14' title='bbox 382 1058 429 1146; x_wconf 90' lang='lat' dir='ltr'>in</span> <span class='ocrx_word' id='word_1_15' title='bbox 473 1059 563 1146; x_wconf 89' lang='lat' dir='ltr'>duas</span> <span class='ocrx_word' id='word_1_16' title='bbox 608 1056 825 1175; x_wconf 87' lang='lat' dir='ltr'>praecipuas</span> <span class='ocrx_word' id='word_1_17' title='bbox 870 1079 995 1174; x_wconf 86' lang='lat' dir='ltr'>partes</span> <span class='ocrx_word' id='word_1_18' title='bbox 1038 1054 1257 1166; x_wconf 90' lang='lat' dir='ltr'>dividitur,</span> <span class='ocrx_word' id='word_1_19' title='bbox 1286 1085 1458 1173; x_wconf 87' lang='lat' dir='ltr'>quarum</span> <span class='ocrx_word' id='word_1_20' title='bbox 1487 1056 1610 1143; x_wconf 88' lang='lat' dir='ltr'>altera</span> <span class='ocrx_word' id='word_1_21' title='bbox 1643 1090 1806 1151; x_wconf 86' lang='lat' dir='ltr'>vocatur</span> 
     </span>
     <span class='ocr_line' id='line_1_4' title="bbox 382 1173 1805 1300; baseline 0.003 -37"><span class='ocrx_word' id='word_1_22' title='bbox 382 1175 567 1263; x_wconf 84' lang='lat' dir='ltr'>Calculus</span> <span class='ocrx_word' id='word_1_23' title='bbox 610 1174 906 1287; x_wconf 76' lang='lat' dir='ltr'>differentialiS‚</span> <span class='ocrx_word' id='word_1_24' title='bbox 951 1173 1074 1259; x_wconf 88' lang='lat' dir='ltr'>altera</span> <span class='ocrx_word' id='word_1_25' title='bbox 1103 1173 1287 1260; x_wconf 90' lang='lat' dir='ltr'>Calculus</span> <span class='ocrx_word' id='word_1_26' title='bbox 1331 1174 1550 1287; x_wconf 84' lang='lat' dir='ltr'>integralis.</span> <span class='ocrx_word' id='word_1_27' title='bbox 1602 1186 1649 1263; x_wconf 90' lang='lat' dir='ltr'>ln</span> <span class='ocrx_word' id='word_1_28' title='bbox 1681 1181 1805 1300; x_wconf 86' lang='lat' dir='ltr'>priori</span> 
     </span>
     <span class='ocr_line' id='line_1_5' title="bbox 375 1292 1802 1413; baseline 0.001 -30"><span class='ocrx_word' id='word_1_29' title='bbox 375 1318 579 1413; x_wconf 55' lang='lat' dir='ltr'>&lt;praecepta</span> <span class='ocrx_word' id='word_1_30' title='bbox 619 1296 850 1405; x_wconf 88' lang='lat' dir='ltr'>traduntur,</span> <span class='ocrx_word' id='word_1_31' title='bbox 893 1292 1158 1410; x_wconf 82' lang='lat' dir='ltr'>quantitatum</span> <span class='ocrx_word' id='word_1_32' title='bbox 1187 1292 1411 1409; x_wconf 86' lang='lat' dir='ltr'>quatumvis</span> <span class='ocrx_word' id='word_1_33' title='bbox 1441 1293 1713 1384; x_wconf 75' lang='lat' dir='ltr'>differentialis</span> <span class='ocrx_word' id='word_1_34' title='bbox 1744 1301 1802 1385; x_wconf 86' lang='lat' dir='ltr'>in·</span> 
     </span>
     <span class='ocr_line' id='line_1_6' title="bbox 381 1408 1802 1535; baseline 0.003 -36"><span class='ocrx_word' id='word_1_35' title='bbox 381 1413 589 1524; x_wconf 89' lang='lat' dir='ltr'>veniendi;</span> <span class='ocrx_word' id='word_1_36' title='bbox 619 1412 663 1499; x_wconf 93' lang='lat' dir='ltr'>in</span> <span class='ocrx_word' id='word_1_37' title='bbox 693 1408 897 1528; x_wconf 89' lang='lat' dir='ltr'>posteriori</span> <span class='ocrx_word' id='word_1_38' title='bbox 926 1440 1021 1497; x_wconf 91' lang='lat' dir='ltr'>vero</span> <span class='ocrx_word' id='word_1_39' title='bbox 1048 1410 1114 1493; x_wconf 89' lang='lat' dir='ltr'>via</span> <span class='ocrx_word' id='word_1_40' title='bbox 1128 1410 1364 1497; x_wconf 88' lang='lat' dir='ltr'>monstratur</span> <span class='ocrx_word' id='word_1_41' title='bbox 1380 1411 1696 1501; x_wconf 85' lang='lat' dir='ltr'>differentialium</span> <span class='ocrx_word' id='word_1_42' title='bbox 1714 1448 1802 1535; x_wconf 91' lang='lat' dir='ltr'>pro·</span> 
     </span>
     <span class='ocr_line' id='line_1_7' title="bbox 373 1528 1802 1653; baseline 0.004 -36"><span class='ocrx_word' id='word_1_43' title='bbox 373 1532 599 1653; x_wconf 86' lang='lat' dir='ltr'>-posrtorum</span> <span class='ocrx_word' id='word_1_44' title='bbox 628 1529 836 1644; x_wconf 86' lang='lat' dir='ltr'>integralia</span> <span class='ocrx_word' id='word_1_45' title='bbox 864 1528 1145 1641; x_wconf 88' lang='lat' dir='ltr'>investigandi:</span> <span class='ocrx_word' id='word_1_46' title='bbox 1175 1530 1219 1613; x_wconf 92' lang='lat' dir='ltr'>in</span> <span class='ocrx_word' id='word_1_47' title='bbox 1251 1556 1341 1615; x_wconf 88' lang='lat' dir='ltr'>utro</span> <span class='ocrx_word' id='word_1_48' title='bbox 1369 1559 1414 1615; x_wconf 89' lang='lat' dir='ltr'>ue</span> <span class='ocrx_word' id='word_1_49' title='bbox 1429 1556 1559 1615; x_wconf 86' lang='lat' dir='ltr'>autem</span> <span class='ocrx_word' id='word_1_50' title='bbox 1575 1534 1687 1618; x_wconf 86' lang='lat' dir='ltr'>srmul</span> <span class='ocrx_word' id='word_1_51' title='bbox 1705 1536 1802 1623; x_wconf 89' lang='lat' dir='ltr'>snm-</span> 
     </span>
     <span class='ocr_line' id='line_1_8' title="bbox 370 1560 1799 1781; baseline -0.001 -40"><span class='ocrx_word' id='word_1_52' title='bbox 370 1682 463 1741; x_wconf 89' lang='lat' dir='ltr'>mus</span> <span class='ocrx_word' id='word_1_53' title='bbox 507 1646 620 1759; x_wconf 92' lang='lat' dir='ltr'>usus,</span> <span class='ocrx_word' id='word_1_54' title='bbox 660 1633 775 1765; x_wconf 83' lang='lat' dir='ltr'>quem</span> <span class='ocrx_word' id='word_1_55' title='bbox 818 1646 883 1733; x_wconf 89' lang='lat' dir='ltr'>isli</span> <span class='ocrx_word' id='word_1_56' title='bbox 926 1645 1064 1735; x_wconf 90' lang='lat' dir='ltr'>calculi</span> <span class='ocrx_word' id='word_1_57' title='bbox 1110 1672 1192 1731; x_wconf 91' lang='lat' dir='ltr'>tam</span> <span class='ocrx_word' id='word_1_58' title='bbox 1231 1650 1278 1735; x_wconf 90' lang='lat' dir='ltr'>ad</span> <span class='ocrx_word' id='word_1_59' title='bbox 1306 1560 1428 1781; x_wconf 73' lang='lat' dir='ltr'>ipsam</span> <span class='ocrx_word' id='word_1_60' title='bbox 1459 1650 1651 1762; x_wconf 89' lang='lat' dir='ltr'>Analysm</span> <span class='ocrx_word' id='word_1_61' title='bbox 1683 1684 1799 1769; x_wconf 89' lang='lat' dir='ltr'>quam</span> 
     </span>
     <span class='ocr_line' id='line_1_9' title="bbox 372 1763 1798 1885; baseline 0.001 -28"><span class='ocrx_word' id='word_1_62' title='bbox 372 1772 423 1857; x_wconf 87' lang='lat' dir='ltr'>ad</span> <span class='ocrx_word' id='word_1_63' title='bbox 467 1768 741 1856; x_wconf 87' lang='lat' dir='ltr'>Geometriam</span> <span class='ocrx_word' id='word_1_64' title='bbox 786 1763 1054 1853; x_wconf 86' lang='lat' dir='ltr'>sublimiorem</span> <span class='ocrx_word' id='word_1_65' title='bbox 1097 1766 1291 1877; x_wconf 86' lang='lat' dir='ltr'>afferunt,</span> <span class='ocrx_word' id='word_1_66' title='bbox 1330 1766 1550 1854; x_wconf 81' lang='lat' dir='ltr'>indicatur.</span> <span class='ocrx_word' id='word_1_67' title='bbox 1580 1774 1715 1885; x_wconf 87' lang='lat' dir='ltr'>Quam</span> <span class='ocrx_word' id='word_1_68' title='bbox 1745 1777 1798 1858; x_wconf 93' lang='lat' dir='ltr'>ob</span> 
     </span>
     <span class='ocr_line' id='line_1_10' title="bbox 371 1883 1798 2005; baseline -0.001 -28"><span class='ocrx_word' id='word_1_69' title='bbox 371 1886 524 2003; x_wconf 75' lang='lat' dir='ltr'>causttn</span> <span class='ocrx_word' id='word_1_70' title='bbox 567 1885 638 1973; x_wconf 83' lang='lat' dir='ltr'>ista</span> <span class='ocrx_word' id='word_1_71' title='bbox 679 1884 900 1996; x_wconf 86' lang='lat' dir='ltr'>Analyseos</span> <span class='ocrx_word' id='word_1_72' title='bbox 943 1914 1030 2003; x_wconf 86' lang='lat' dir='ltr'>pars</span> <span class='ocrx_word' id='word_1_73' title='bbox 1074 1883 1156 1969; x_wconf 89' lang='lat' dir='ltr'>iam</span> <span class='ocrx_word' id='word_1_74' title='bbox 1203 1908 1310 1969; x_wconf 89' lang='lat' dir='ltr'>tanta</span> <span class='ocrx_word' id='word_1_75' title='bbox 1354 1886 1502 2005; x_wconf 88' lang='lat' dir='ltr'>accepit</span> <span class='ocrx_word' id='word_1_76' title='bbox 1532 1886 1798 2005; x_wconf 86' lang='lat' dir='ltr'>incrementa,</span> 
     </span>
     <span class='ocr_line' id='line_1_11' title="bbox 371 2002 1794 2125; baseline 0.001 -32"><span class='ocrx_word' id='word_1_77' title='bbox 371 2030 418 2093; x_wconf 91' lang='lat' dir='ltr'>ut</span> <span class='ocrx_word' id='word_1_78' title='bbox 462 2004 620 2093; x_wconf 86' lang='lat' dir='ltr'>modico</span> <span class='ocrx_word' id='word_1_79' title='bbox 649 2005 855 2092; x_wconf 90' lang='lat' dir='ltr'>volumine</span> <span class='ocrx_word' id='word_1_80' title='bbox 883 2002 1035 2121; x_wconf 87' lang='lat' dir='ltr'>prorsus</span> <span class='ocrx_word' id='word_1_81' title='bbox 1064 2002 1343 2121; x_wconf 77' lang='lat' dir='ltr'>comprehendi</span> <span class='ocrx_word' id='word_1_82' title='bbox 1374 2034 1558 2120; x_wconf 85' lang='lat' dir='ltr'>nequeat.</span> <span class='ocrx_word' id='word_1_83' title='bbox 1588 2008 1794 2125; x_wconf 80' lang='lat' dir='ltr'>Imprimis</span> 
     </span>
     <span class='ocr_line' id='line_1_12' title="bbox 370 2121 1797 2241; baseline 0 -30"><span class='ocrx_word' id='word_1_84' title='bbox 370 2153 468 2213; x_wconf 78' lang='lat' dir='ltr'>vero</span> <span class='ocrx_word' id='word_1_85' title='bbox 498 2124 542 2211; x_wconf 92' lang='lat' dir='ltr'>in</span> <span class='ocrx_word' id='word_1_86' title='bbox 570 2122 719 2211; x_wconf 88' lang='lat' dir='ltr'>calculo</span> <span class='ocrx_word' id='word_1_87' title='bbox 748 2122 932 2238; x_wconf 86' lang='lat' dir='ltr'>integrali</span> <span class='ocrx_word' id='word_1_88' title='bbox 962 2121 1084 2209; x_wconf 87' lang='lat' dir='ltr'>indies</span> <span class='ocrx_word' id='word_1_89' title='bbox 1115 2148 1197 2207; x_wconf 92' lang='lat' dir='ltr'>tam</span> <span class='ocrx_word' id='word_1_90' title='bbox 1227 2152 1332 2209; x_wconf 91' lang='lat' dir='ltr'>nova</span> <span class='ocrx_word' id='word_1_91' title='bbox 1361 2122 1526 2209; x_wconf 84' lang='lat' dir='ltr'>artificia</span> <span class='ocrx_word' id='word_1_92' title='bbox 1557 2124 1797 2241; x_wconf 86' lang='lat' dir='ltr'>integrandi,</span> 
     </span>
     <span class='ocr_line' id='line_1_13' title="bbox 369 2240 1796 2362; baseline -0.001 -31"><span class='ocrx_word' id='word_1_93' title='bbox 369 2272 487 2362; x_wconf 90' lang='lat' dir='ltr'>quam</span> <span class='ocrx_word' id='word_1_94' title='bbox 530 2242 751 2330; x_wconf 88' lang='lat' dir='ltr'>adiumenta</span> <span class='ocrx_word' id='word_1_95' title='bbox 795 2242 877 2329; x_wconf 85' lang='lat' dir='ltr'>eius</span> <span class='ocrx_word' id='word_1_96' title='bbox 917 2240 958 2327; x_wconf 90' lang='lat' dir='ltr'>in</span> <span class='ocrx_word' id='word_1_97' title='bbox 998 2240 1191 2328; x_wconf 89' lang='lat' dir='ltr'>solvendis</span> <span class='ocrx_word' id='word_1_98' title='bbox 1232 2241 1334 2327; x_wconf 90' lang='lat' dir='ltr'>varii</span> <span class='ocrx_word' id='word_1_99' title='bbox 1363 2242 1512 2354; x_wconf 87' lang='lat' dir='ltr'>generis</span> <span class='ocrx_word' id='word_1_100' title='bbox 1542 2246 1796 2360; x_wconf 89' lang='lat' dir='ltr'>problemati·</span> 
     </span>
     <span class='ocr_line' id='line_1_14' title="bbox 368 2358 1795 2475; baseline -0.002 -23"><span class='ocrx_word' id='word_1_101' title='bbox 368 2364 468 2473; x_wconf 89' lang='lat' dir='ltr'>bus,</span> <span class='ocrx_word' id='word_1_102' title='bbox 510 2362 767 2475; x_wconf 80' lang='lat' dir='ltr'>deteguntur,</span> <span class='ocrx_word' id='word_1_103' title='bbox 809 2385 855 2447; x_wconf 92' lang='lat' dir='ltr'>ut</span> <span class='ocrx_word' id='word_1_104' title='bbox 900 2361 953 2444; x_wconf 92' lang='lat' dir='ltr'>ob</span> <span class='ocrx_word' id='word_1_105' title='bbox 992 2361 1087 2445; x_wconf 88' lang='lat' dir='ltr'>haec</span> <span class='ocrx_word' id='word_1_106' title='bbox 1126 2374 1231 2443; x_wconf 86' lang='lat' dir='ltr'>nova</span> <span class='ocrx_word' id='word_1_107' title='bbox 1261 2358 1447 2471; x_wconf 85' lang='lat' dir='ltr'>inventa,</span> <span class='ocrx_word' id='word_1_108' title='bbox 1471 2383 1575 2475; x_wconf 76' lang='lat' dir='ltr'>‘quae</span> <span class='ocrx_word' id='word_1_109' title='bbox 1605 2364 1795 2449; x_wconf 90' lang='lat' dir='ltr'>continuo</span> 
     </span>
     <span class='ocr_line' id='line_1_15' title="bbox 366 2475 1794 2597; baseline -0.001 -31"><span class='ocrx_word' id='word_1_110' title='bbox 366 2480 578 2591; x_wconf 77' lang='lat' dir='ltr'>accedunt,</span> <span class='ocrx_word' id='word_1_111' title='bbox 622 2507 819 2597; x_wconf 90' lang='lat' dir='ltr'>nunquam</span> <span class='ocrx_word' id='word_1_112' title='bbox 858 2476 1092 2589; x_wconf 82' lang='lat' dir='ltr'>exhauriri,</span> <span class='ocrx_word' id='word_1_113' title='bbox 1119 2475 1251 2563; x_wconf 90' lang='lat' dir='ltr'>multo</span> <span class='ocrx_word' id='word_1_114' title='bbox 1281 2476 1409 2563; x_wconf 89' lang='lat' dir='ltr'>minus</span> <span class='ocrx_word' id='word_1_115' title='bbox 1439 2476 1604 2595; x_wconf 70' lang='lat' dir='ltr'>persede</span> <span class='ocrx_word' id='word_1_116' title='bbox 1633 2480 1794 2565; x_wconf 87' lang='lat' dir='ltr'>describi</span> 
     </span>
     <span class='ocr_line' id='line_1_16' title="bbox 365 2596 1926 2717; baseline -0.003 -34"><span class='ocrx_word' id='word_1_117' title='bbox 365 2622 481 2717; x_wconf 89' lang='lat' dir='ltr'>atque</span> <span class='ocrx_word' id='word_1_118' title='bbox 525 2596 714 2715; x_wconf 87' lang='lat' dir='ltr'>explicari</span> <span class='ocrx_word' id='word_1_119' title='bbox 760 2596 899 2715; x_wconf 89' lang='lat' dir='ltr'>polsrt.</span> <span class='ocrx_word' id='word_1_120' title='bbox 941 2598 1059 2691; x_wconf 85' lang='lat' dir='ltr'>Dabo</span> <span class='ocrx_word' id='word_1_121' title='bbox 1088 2620 1219 2681; x_wconf 88' lang='lat' dir='ltr'>autem</span> <span class='ocrx_word' id='word_1_122' title='bbox 1249 2626 1436 2714; x_wconf 87' lang='lat' dir='ltr'>operam,</span> <span class='ocrx_word' id='word_1_123' title='bbox 1468 2620 1511 2681; x_wconf 91' lang='lat' dir='ltr'>ut</span> <span class='ocrx_word' id='word_1_124' title='bbox 1543 2626 1637 2713; x_wconf 85' lang='lat' dir='ltr'>quae</span> <span class='ocrx_word' id='word_1_125' title='bbox 1668 2598 1801 2684; x_wconf 90' lang='lat' dir='ltr'>adbuc·</span> <span class='ocrx_word' id='word_1_126' title='bbox 1913 2670 1926 2679; x_wconf 83' lang='lat'><strong><em>.</em></strong></span> 
     </span>
     <span class='ocr_line' id='line_1_17' title="bbox 365 2712 1791 2834; baseline -0.001 -31"><span class='ocrx_word' id='word_1_127' title='bbox 365 2714 470 2804; x_wconf 88' lang='lat' dir='ltr'>sunt·</span> <span class='ocrx_word' id='word_1_128' title='bbox 496 2738 674 2834; x_wconf 87' lang='lat' dir='ltr'>reperta,</span> <span class='ocrx_word' id='word_1_129' title='bbox 720 2714 785 2803; x_wconf 87' lang='lat' dir='ltr'>vel</span> <span class='ocrx_word' id='word_1_130' title='bbox 829 2713 966 2801; x_wconf 73' lang='lat' dir='ltr'>cunsla</span> <span class='ocrx_word' id='word_1_131' title='bbox 995 2714 1038 2803; x_wconf 91' lang='lat' dir='ltr'>in</span> <span class='ocrx_word' id='word_1_132' title='bbox 1069 2714 1132 2801; x_wconf 91' lang='lat' dir='ltr'>his</span> <span class='ocrx_word' id='word_1_133' title='bbox 1163 2714 1274 2801; x_wconf 88' lang='lat' dir='ltr'>libris</span> <span class='ocrx_word' id='word_1_134' title='bbox 1305 2742 1529 2833; x_wconf 85' lang='lat' dir='ltr'>exponam,</span> <span class='ocrx_word' id='word_1_135' title='bbox 1559 2714 1624 2801; x_wconf 89' lang='lat' dir='ltr'>vel</span> <span class='ocrx_word' id='word_1_136' title='bbox 1654 2712 1791 2803; x_wconf 82' lang='lat' dir='ltr'>saltem</span> 
     </span>
     <span class='ocr_line' id='line_1_18' title="bbox 345 2830 1529 2951; baseline -0.004 -29"><span class='ocrx_word' id='word_1_137' title='bbox 345 2834 573 2922; x_wconf 83' lang='lat' dir='ltr'>methodos</span> <span class='ocrx_word' id='word_1_138' title='bbox 602 2832 797 2951; x_wconf 83' lang='lat' dir='ltr'>explicem</span> <span class='ocrx_word' id='word_1_139' title='bbox 813 2833 954 2946; x_wconf 88' lang='lat' dir='ltr'>,unde</span> <span class='ocrx_word' id='word_1_140' title='bbox 983 2862 1028 2921; x_wconf 88' lang='lat' dir='ltr'>ea</span> <span class='ocrx_word' id='word_1_141' title='bbox 1055 2830 1170 2920; x_wconf 83' lang='lat' dir='ltr'>facile</span> <span class='ocrx_word' id='word_1_142' title='bbox 1197 2834 1331 2919; x_wconf 91' lang='lat' dir='ltr'>deduci</span> <span class='ocrx_word' id='word_1_143' title='bbox 1361 2859 1529 2951; x_wconf 87' lang='lat' dir='ltr'>queant.</span> 
     </span>
    </p>

    <p class='ocr_par' dir='ltr' id='par_1_3' title="bbox 357 2950 1815 4939">
     <span class='ocr_line' id='line_1_19' title="bbox 449 2950 1789 3071; baseline -0.001 -30"><span class='ocrx_word' id='word_1_144' title='bbox 449 2979 454 2991; x_wconf 85' lang='lat'><strong>·</strong></span> <span class='ocrx_word' id='word_1_145' title='bbox 490 2982 587 3061; x_wconf 82' lang='lat'>149.</span> <span class='ocrx_word' id='word_1_146' title='bbox 646 2952 783 3041; x_wconf 85' lang='lat' dir='ltr'>Solent</span> <span class='ocrx_word' id='word_1_147' title='bbox 828 2950 949 3066; x_wconf 83' lang='lat' dir='ltr'>vulgo</span> <span class='ocrx_word' id='word_1_148' title='bbox 979 2950 1106 3069; x_wconf 84' lang='lat' dir='ltr'>plures</span> <span class='ocrx_word' id='word_1_149' title='bbox 1135 2950 1355 3062; x_wconf 88' lang='lat' dir='ltr'>Analyseos</span> <span class='ocrx_word' id='word_1_150' title='bbox 1384 2950 1634 3037; x_wconf 89' lang='lat' dir='ltr'>infinitorum</span> <span class='ocrx_word' id='word_1_151' title='bbox 1662 2980 1789 3071; x_wconf 87' lang='lat' dir='ltr'>partes</span> 
     </span>
     <span class='ocr_line' id='line_1_20' title="bbox 364 3068 1789 3191; baseline -0.003 -29"><span class='ocrx_word' id='word_1_152' title='bbox 364 3072 588 3186; x_wconf 77' lang='lat' dir='ltr'>numerari3</span> <span class='ocrx_word' id='word_1_153' title='bbox 634 3096 785 3191; x_wconf 87' lang='lat' dir='ltr'>praeter</span> <span class='ocrx_word' id='word_1_154' title='bbox 828 3070 996 3156; x_wconf 87' lang='lat' dir='ltr'>calculos</span> <span class='ocrx_word' id='word_1_155' title='bbox 1024 3069 1132 3156; x_wconf 88' lang='lat' dir='ltr'>enim</span> <span class='ocrx_word' id='word_1_156' title='bbox 1159 3068 1458 3155; x_wconf 81' lang='lat' dir='ltr'>differentialem</span> <span class='ocrx_word' id='word_1_157' title='bbox 1488 3074 1526 3155; x_wconf 77' lang='lat'>8&lt;</span> <span class='ocrx_word' id='word_1_158' title='bbox 1557 3070 1789 3185; x_wconf 84' lang='lat' dir='ltr'>integralem</span> 
     </span>
     <span class='ocr_line' id='line_1_21' title="bbox 363 3186 1787 3307; baseline -0.001 -30"><span class='ocrx_word' id='word_1_159' title='bbox 363 3190 616 3300; x_wconf 78' lang='lat' dir='ltr'>inveniuntur</span> <span class='ocrx_word' id='word_1_160' title='bbox 661 3190 796 3307; x_wconf 78' lang='lat' dir='ltr'>passim</span> <span class='ocrx_word' id='word_1_161' title='bbox 841 3186 980 3275; x_wconf 88' lang='lat' dir='ltr'>calculi</span> <span class='ocrx_word' id='word_1_162' title='bbox 1022 3186 1547 3278; x_wconf 72' lang='lat' dir='ltr'>differendo-differentialis</span> <span class='ocrx_word' id='word_1_163' title='bbox 1577 3215 1691 3307; x_wconf 88' lang='lat' dir='ltr'>atque</span> <span class='ocrx_word' id='word_1_164' title='bbox 1721 3220 1787 3275; x_wconf 92' lang='lat' dir='ltr'>ex·</span> 
     </span>
     <span class='ocr_line' id='line_1_22' title="bbox 362 3304 1784 3429; baseline 0.001 -34"><span class='ocrx_word' id='word_1_165' title='bbox 362 3308 618 3429; x_wconf 87' lang='lat' dir='ltr'>ponentialis.</span> <span class='ocrx_word' id='word_1_166' title='bbox 656 3314 704 3393; x_wconf 91' lang='lat' dir='ltr'>ln</span> <span class='ocrx_word' id='word_1_167' title='bbox 732 3306 882 3399; x_wconf 89' lang='lat' dir='ltr'>calculo</span> <span class='ocrx_word' id='word_1_168' title='bbox 909 3304 1415 3395; x_wconf 86' lang='lat' dir='ltr'>differentio-differentiali</span> <span class='ocrx_word' id='word_1_169' title='bbox 1447 3306 1547 3391; x_wconf 88' lang='lat' dir='ltr'>tradi</span> <span class='ocrx_word' id='word_1_170' title='bbox 1577 3306 1675 3393; x_wconf 91' lang='lat' dir='ltr'>solet</span> <span class='ocrx_word' id='word_1_171' title='bbox 1703 3338 1784 3397; x_wconf 91' lang='lat' dir='ltr'>me·</span> 
     </span>
     <span class='ocr_line' id='line_1_23' title="bbox 364 3422 1785 3542; baseline -0.001 -29"><span class='ocrx_word' id='word_1_172' title='bbox 364 3428 511 3513; x_wconf 85' lang='lat' dir='ltr'>thodus</span> <span class='ocrx_word' id='word_1_173' title='bbox 536 3424 809 3513; x_wconf 82' lang='lat' dir='ltr'>differentialia</span> <span class='ocrx_word' id='word_1_174' title='bbox 837 3422 986 3513; x_wconf 88' lang='lat' dir='ltr'>secundi</span> <span class='ocrx_word' id='word_1_175' title='bbox 1015 3450 1129 3542; x_wconf 89' lang='lat' dir='ltr'>atque</span> <span class='ocrx_word' id='word_1_176' title='bbox 1157 3424 1347 3511; x_wconf 87' lang='lat' dir='ltr'>altiorum</span> <span class='ocrx_word' id='word_1_177' title='bbox 1377 3424 1560 3511; x_wconf 89' lang='lat' dir='ltr'>ordinum</span> <span class='ocrx_word' id='word_1_178' title='bbox 1588 3424 1785 3511; x_wconf 87' lang='lat' dir='ltr'>invenien-</span> 
     </span>
     <span class='ocr_line' id='line_1_24' title="bbox 361 3539 1783 3663; baseline -0.003 -31"><span class='ocrx_word' id='word_1_179' title='bbox 361 3545 432 3632; x_wconf 86' lang='lat' dir='ltr'>di:</span> <span class='ocrx_word' id='word_1_180' title='bbox 475 3544 661 3663; x_wconf 89' lang='lat' dir='ltr'>quoniam</span> <span class='ocrx_word' id='word_1_181' title='bbox 688 3559 822 3631; x_wconf 87' lang='lat' dir='ltr'>autem</span> <span class='ocrx_word' id='word_1_182' title='bbox 850 3544 1010 3630; x_wconf 93' lang='lat' dir='ltr'>modum</span> <span class='ocrx_word' id='word_1_183' title='bbox 1041 3540 1218 3660; x_wconf 87' lang='lat' dir='ltr'>cuiusque</span> <span class='ocrx_word' id='word_1_184' title='bbox 1248 3542 1395 3629; x_wconf 86' lang='lat' dir='ltr'>ordinis</span> <span class='ocrx_word' id='word_1_185' title='bbox 1423 3539 1696 3627; x_wconf 81' lang='lat' dir='ltr'>differentialia</span> <span class='ocrx_word' id='word_1_186' title='bbox 1726 3544 1783 3629; x_wconf 90' lang='lat' dir='ltr'>in-</span> 
     </span>
     <span class='ocr_line' id='line_1_25' title="bbox 361 3658 1784 3781; baseline -0.001 -30"><span class='ocrx_word' id='word_1_187' title='bbox 361 3662 543 3751; x_wconf 83' lang='lat' dir='ltr'>veniendi</span> <span class='ocrx_word' id='word_1_188' title='bbox 587 3661 632 3749; x_wconf 90' lang='lat' dir='ltr'>in</span> <span class='ocrx_word' id='word_1_189' title='bbox 676 3662 761 3781; x_wconf 87' lang='lat' dir='ltr'>ipso</span> <span class='ocrx_word' id='word_1_190' title='bbox 803 3662 951 3751; x_wconf 80' lang='lat' dir='ltr'>calculo</span> <span class='ocrx_word' id='word_1_191' title='bbox 996 3660 1243 3749; x_wconf 87' lang='lat' dir='ltr'>differentiali</span> <span class='ocrx_word' id='word_1_192' title='bbox 1282 3658 1365 3749; x_wconf 86' lang='lat' dir='ltr'>sum</span> <span class='ocrx_word' id='word_1_193' title='bbox 1404 3661 1643 3781; x_wconf 88' lang='lat' dir='ltr'>expostturus</span> <span class='ocrx_word' id='word_1_194' title='bbox 1669 3726 1682 3772; x_wconf 92' lang='lat'>,</span> <span class='ocrx_word' id='word_1_195' title='bbox 1712 3664 1784 3749; x_wconf 91' lang='lat' dir='ltr'>hac</span> 
     </span>
     <span class='ocr_line' id='line_1_26' title="bbox 363 3779 1815 3897; baseline -0.003 -26"><span class='ocrx_word' id='word_1_196' title='bbox 363 3779 651 3892; x_wconf 75' lang='lat' dir='ltr'>subdivisione,</span> <span class='ocrx_word' id='word_1_197' title='bbox 695 3810 791 3897; x_wconf 86' lang='lat' dir='ltr'>quae</span> <span class='ocrx_word' id='word_1_198' title='bbox 835 3780 966 3897; x_wconf 91' lang='lat' dir='ltr'>potius</span> <span class='ocrx_word' id='word_1_199' title='bbox 1009 3809 1058 3867; x_wconf 88' lang='lat' dir='ltr'>ex</span> <span class='ocrx_word' id='word_1_200' title='bbox 1099 3780 1246 3867; x_wconf 88' lang='lat' dir='ltr'>merito</span> <span class='ocrx_word' id='word_1_201' title='bbox 1287 3780 1556 3891; x_wconf 86' lang='lat' dir='ltr'>inventionis,</span> <span class='ocrx_word' id='word_1_202' title='bbox 1586 3810 1700 3894; x_wconf 90' lang='lat' dir='ltr'>quam</span> <span class='ocrx_word' id='word_1_203' title='bbox 1731 3812 1815 3867; x_wconf 86' lang='lat' dir='ltr'>ex</span> 
     </span>
     <span class='ocr_line' id='line_1_27' title="bbox 362 3897 1783 4017; baseline -0.003 -30"><span class='ocrx_word' id='word_1_204' title='bbox 362 3928 407 3987; x_wconf 89' lang='lat' dir='ltr'>re</span> <span class='ocrx_word' id='word_1_205' title='bbox 451 3898 532 3985; x_wconf 90' lang='lat' dir='ltr'>isa</span> <span class='ocrx_word' id='word_1_206' title='bbox 575 3898 676 3985; x_wconf 68' lang='lat' dir='ltr'>ntra</span> <span class='ocrx_word' id='word_1_207' title='bbox 719 3897 791 3985; x_wconf 85' lang='lat' dir='ltr'>else</span> <span class='ocrx_word' id='word_1_208' title='bbox 835 3899 1019 4011; x_wconf 87' lang='lat' dir='ltr'>videtur,</span> <span class='ocrx_word' id='word_1_209' title='bbox 1048 3898 1391 4017; x_wconf 84' lang='lat' dir='ltr'>supersedebimus.</span> <span class='ocrx_word' id='word_1_210' title='bbox 1422 3898 1543 4011; x_wconf 88' lang='lat' dir='ltr'>Quod</span> <span class='ocrx_word' id='word_1_211' title='bbox 1573 3898 1707 3983; x_wconf 89' lang='lat' dir='ltr'>deinde</span> <span class='ocrx_word' id='word_1_212' title='bbox 1736 3899 1783 3983; x_wconf 89' lang='lat' dir='ltr'>ad</span> 
     </span>
     <span class='ocr_line' id='line_1_28' title="bbox 366 3932 1783 4137; baseline -0.003 -30"><span class='ocrx_word' id='word_1_213' title='bbox 366 3932 559 4107; x_wconf 74' lang='lat' dir='ltr'>calculum</span> <span class='ocrx_word' id='word_1_214' title='bbox 589 4018 907 4137; x_wconf 89' lang='lat' dir='ltr'>exponentialem</span> <span class='ocrx_word' id='word_1_215' title='bbox 937 4018 1110 4129; x_wconf 84' lang='lat' dir='ltr'>attinet,</span> <span class='ocrx_word' id='word_1_216' title='bbox 1138 4046 1216 4133; x_wconf 93' lang='lat' dir='ltr'>quo</span> <span class='ocrx_word' id='word_1_217' title='bbox 1248 4016 1382 4103; x_wconf 84' lang='lat' dir='ltr'>Celeb.</span> <span class='ocrx_word' id='word_1_218' title='bbox 1414 4040 1514 4104; x_wconf 74' lang='lat' dir='ltr'>ton.</span> <span class='ocrx_word' id='word_1_219' title='bbox 1544 4042 1783 4105; x_wconf 69' lang='lat' dir='ltr'>nunnoni·</span> 
     </span>
     <span class='ocr_line' id='line_1_29' title="bbox 360 4134 1784 4253; baseline -0.003 -28"><span class='ocrx_word' id='word_1_220' title='bbox 360 4162 436 4249; x_wconf 75' lang='lat' dir='ltr'>LI,</span> <span class='ocrx_word' id='word_1_221' title='bbox 480 4138 544 4225; x_wconf 88' lang='lat' dir='ltr'>cui</span> <span class='ocrx_word' id='word_1_222' title='bbox 590 4142 643 4225; x_wconf 90' lang='lat' dir='ltr'>ob</span> <span class='ocrx_word' id='word_1_223' title='bbox 687 4138 890 4225; x_wconf 84' lang='lat' dir='ltr'>innumera</span> <span class='ocrx_word' id='word_1_224' title='bbox 932 4166 1050 4253; x_wconf 84' lang='lat' dir='ltr'>eaque</span> <span class='ocrx_word' id='word_1_225' title='bbox 1094 4136 1271 4223; x_wconf 84' lang='lat' dir='ltr'>maxima</span> <span class='ocrx_word' id='word_1_226' title='bbox 1299 4135 1537 4223; x_wconf 81' lang='lat' dir='ltr'>incrementa</span> <span class='ocrx_word' id='word_1_227' title='bbox 1556 4134 1784 4245; x_wconf 81' lang='lat' dir='ltr'>Analyseos</span> 
     </span>
     <span class='ocr_line' id='line_1_30' title="bbox 361 4254 1780 4369; baseline -0.003 -29"><span class='ocrx_word' id='word_1_228' title='bbox 361 4254 613 4343; x_wconf 88' lang='lat' dir='ltr'>infinitorum</span> <span class='ocrx_word' id='word_1_229' title='bbox 655 4279 825 4345; x_wconf 88' lang='lat' dir='ltr'>aeternas</span> <span class='ocrx_word' id='word_1_230' title='bbox 853 4257 1033 4341; x_wconf 88' lang='lat' dir='ltr'>debemus</span> <span class='ocrx_word' id='word_1_231' title='bbox 1062 4254 1228 4369; x_wconf 83' lang='lat' dir='ltr'>gratias,</span> <span class='ocrx_word' id='word_1_232' title='bbox 1258 4255 1469 4341; x_wconf 86' lang='lat' dir='ltr'>methodos</span> <span class='ocrx_word' id='word_1_233' title='bbox 1499 4254 1780 4339; x_wconf 86' lang='lat' dir='ltr'>differentiandi</span> 
     </span>
     <span class='ocr_line' id='line_1_31' title="bbox 360 4370 1787 4493; baseline -0.002 -33"><span class='ocrx_word' id='word_1_234' title='bbox 360 4399 475 4493; x_wconf 88' lang='lat' dir='ltr'>atque</span> <span class='ocrx_word' id='word_1_235' title='bbox 521 4376 737 4489; x_wconf 77' lang='lat' dir='ltr'>integrandi</span> <span class='ocrx_word' id='word_1_236' title='bbox 783 4377 829 4460; x_wconf 90' lang='lat' dir='ltr'>ad</span> <span class='ocrx_word' id='word_1_237' title='bbox 858 4373 1093 4490; x_wconf 87' lang='lat' dir='ltr'>quantitates</span> <span class='ocrx_word' id='word_1_238' title='bbox 1121 4374 1413 4491; x_wconf 86' lang='lat' dir='ltr'>exponentiales</span> <span class='ocrx_word' id='word_1_239' title='bbox 1445 4370 1666 4483; x_wconf 87' lang='lat' dir='ltr'>transtulit,</span> <span class='ocrx_word' id='word_1_240' title='bbox 1697 4371 1787 4487; x_wconf 88' lang='lat' dir='ltr'>qnia</span> 
     </span>
     <span class='ocr_line' id='line_1_32' title="bbox 361 4489 1786 4611; baseline 0 -32"><span class='ocrx_word' id='word_1_241' title='bbox 361 4519 566 4611; x_wconf 87' lang='lat' dir='ltr'>utrumque</span> <span class='ocrx_word' id='word_1_242' title='bbox 610 4494 806 4581; x_wconf 85' lang='lat' dir='ltr'>calculum</span> <span class='ocrx_word' id='word_1_243' title='bbox 848 4494 894 4577; x_wconf 88' lang='lat' dir='ltr'>ad</span> <span class='ocrx_word' id='word_1_244' title='bbox 940 4489 1069 4578; x_wconf 86' lang='lat' dir='ltr'>omnis</span> <span class='ocrx_word' id='word_1_245' title='bbox 1114 4493 1264 4605; x_wconf 86' lang='lat' dir='ltr'>generis</span> <span class='ocrx_word' id='word_1_246' title='bbox 1309 4491 1541 4611; x_wconf 83' lang='lat' dir='ltr'>quantitates</span> <span class='ocrx_word' id='word_1_247' title='bbox 1574 4516 1656 4575; x_wconf 91' lang='lat' dir='ltr'>tam</span> <span class='ocrx_word' id='word_1_248' title='bbox 1685 4490 1786 4603; x_wconf 56' lang='lat' dir='ltr'>alges</span> 
     </span>
     <span class='ocr_line' id='line_1_33' title="bbox 360 4608 1785 4731; baseline -0.004 -34"><span class='ocrx_word' id='word_1_249' title='bbox 360 4611 504 4699; x_wconf 87' lang='lat' dir='ltr'>braicas</span> <span class='ocrx_word' id='word_1_250' title='bbox 533 4642 651 4731; x_wconf 90' lang='lat' dir='ltr'>quam</span> <span class='ocrx_word' id='word_1_251' title='bbox 684 4611 987 4721; x_wconf 83' lang='lat' dir='ltr'>transcendentes</span> <span class='ocrx_word' id='word_1_252' title='bbox 1015 4611 1308 4697; x_wconf 89' lang='lat' dir='ltr'>accommodare</span> <span class='ocrx_word' id='word_1_253' title='bbox 1339 4608 1550 4723; x_wconf 87' lang='lat' dir='ltr'>constitui,</span> <span class='ocrx_word' id='word_1_254' title='bbox 1579 4608 1671 4695; x_wconf 89' lang='lat' dir='ltr'>hinc</span> <span class='ocrx_word' id='word_1_255' title='bbox 1703 4638 1785 4727; x_wconf 83' lang='lat' dir='ltr'>par·</span> 
     </span>
     <span class='ocr_line' id='line_1_34' title="bbox 357 4726 1777 4933; baseline -0.004 -118"><span class='ocrx_word' id='word_1_256' title='bbox 357 4752 442 4933; x_wconf 63' lang='lat' dir='ltr'>pem</span> <span class='ocrx_word' id='word_1_257' title='bbox 481 4730 723 4849; x_wconf 86' lang='lat' dir='ltr'>peculiarem</span> <span class='ocrx_word' id='word_1_258' title='bbox 766 4728 889 4817; x_wconf 85' lang='lat' dir='ltr'>facere</span> <span class='ocrx_word' id='word_1_259' title='bbox 918 4727 1149 4850; x_wconf 75' lang='lat' dir='ltr'>superfluunt</span> <span class='ocrx_word' id='word_1_260' title='bbox 1179 4755 1294 4847; x_wconf 90' lang='lat' dir='ltr'>atque</span> <span class='ocrx_word' id='word_1_261' title='bbox 1325 4726 1504 4815; x_wconf 87' lang='lat' dir='ltr'>instituto</span> <span class='ocrx_word' id='word_1_262' title='bbox 1535 4728 1777 4817; x_wconf 82' lang='lat' dir='ltr'>contrarium</span> 
     </span>
     <span class='ocr_line' id='line_1_35' title="bbox 378 4871 489 4939; baseline 0.018 -4"><span class='ocrx_word' id='word_1_263' title='bbox 378 4871 463 4939; x_wconf 77' lang='lat' dir='ltr'>0er</span> <span class='ocrx_word' id='word_1_264' title='bbox 476 4910 489 4937; x_wconf 64' lang='grc' dir='ltr'><strong><em>ο</em></strong></span> 
     </span>
    </p>
   </div>
   <div class='ocr_carea' id='block_1_3' title="bbox 1100 4930 1724 5073">
    <p class='ocr_par' dir='ltr' id='par_1_4' title="bbox 1100 4930 1724 5073">
     <span class='ocr_line' id='line_1_36' title="bbox 1100 4930 1724 5073; baseline -0.01 -20"><span class='ocrx_word' id='word_1_265' title='bbox 1100 4968 1143 5053; x_wconf 90' lang='lat' dir='ltr'>N</span> <span class='ocrx_word' id='word_1_266' title='bbox 1630 4930 1724 5073; x_wconf 84' lang='lat' dir='ltr'>15o.</span> 
     </span>
    </p>
   </div>
   <div class='ocr_carea' id='block_1_4' title="bbox 0 0 2460 6334">
    <p class='ocr_par' dir='ltr' id='par_1_5' title="bbox 0 0 2460 6334">
     <span class='ocr_line' id='line_1_37' title="bbox 0 0 2460 6334; baseline 0 6"><span class='ocrx_word' id='word_1_267' title='bbox 0 0 2460 6334; x_wconf 95' lang='lat' dir='ltr'> </span> 
     </span>
    </p>
   </div>
  </div>
 </body>
</html>
