4909 6334
1676 811 1747 880 vm

340 905 489 1038 finita
528 919 618 1020 illa
659 953 806 1020 rerum
833 925 1127 1024 tradatarum
1170 905 1448 1027 multitudine
1480 934 1587 1060 quid
1618 934 1703 1032 sibi
1738 973 1808 1032 su·-
1903 993 1908 1003 ·

358 1111 500 1196 mant,
529 1083 639 1210 quid
666 1087 874 1186 osrtittant
905 1091 1055 1184 statim
1079 1087 1384 1212 perspicient,
1412 1091 1461 1196 θ
1489 1102 1546 1192 ab
1573 1094 1630 1191 iis
1673 1131 1804 1223 quae-

361 1243 574 1342 stionibus
607 1251 850 1346 tractandis
891 1254 1211 1360 obstinebunt,
1256 1287 1362 1378 quas
1407 1257 1707 1389 cognoverint·
1745 1267 1803 1362 ab

359 1403 412 1501 E
419 1403 610 1502 ULER
616 1407 662 1502 0
695 1407 930 1512 inchoatas
971 1401 1099 1508 simul
1135 1408 1478 1536 &possedon
1521 1453 1660 1546 neque
1699 1446 1805 1520 tan·
1843 1445 1848 1455 '

360 1603 486 1702 quam
527 1603 675 1671 novum
710 1599 967 1697 proponent
1023 1571 1142 1696 quod
1188 1569 1291 1694 ipse
1331 1581 1649 1694 occupaverim
1688 1583 1807 1708 quod

360 1735 641 1858 caeteroquin
669 1739 843 1834 euenire
875 1732 1029 1861 facile
1051 1756 1244 1852 posset,
1290 1766 1412 1860 quum
1450 1740 1616 1836 nullum
1647 1737 1801 1862 ferme

361 1901 422 1994 sit
464 1900 511 1992 in
540 1905 738 1998 uniuerso
785 1899 1135 2022 Disciplinarum
1185 1892 1601 1998 Mathematicarum
1642 1903 1801 1999 ambitu

358 2087 661 2191 argumentum
703 2065 861 2181 paullo
911 2061 1208 2195 elegantius,
1260 2061 1380 2186 quod
1429 2057 1668 2164 Geometra
1714 2065 1800 2198 rste

355 2215 597 2318 Briaraeus
627 2227 704 2320 uel
725 2257 815 2320 non
843 2224 1125 2336 delibaverit‚
1156 2223 1231 2318 vel
1254 2253 1344 2318 non
1372 2225 1637 2321 obsoluerit.

490 2383 717 2481 Postremo
751 2387 1127 2506 operaepretium
1156 2381 1273 2480 duxi
1301 2385 1503 2481 brevibus
1549 2385 1799 2512 quibusdam

356 2543 711 2642 annotationibus
739 2547 880 2645 locum
926 2583 1049 2648 unum
1075 2551 1150 2646 uel
1173 2549 1359 2644 alterum
1391 2543 1634 2642 Euleriani
1676 2543 1799 2664 Ope·

355 2699 419 2792 ris
468 2699 727 2827 illustrare,
786 2741 919 2838 eaque
968 2737 1201 2830 perpauca
1251 2705 1338 2803 ltuc
1392 2707 1629 2820 derivare,
1687 2741 1799 2833 quae

348 2855 624 2983 postmodum
671 2871 728 2963 ab
772 2863 970 2966 Auctore
1011 2869 1149 2986 ipso,
1200 2868 1274 2963 uel
1311 2900 1339 2958 a
1385 2863 1633 2964 Geometris
1688 2869 1800 2964 aliis

353 3022 414 3114 ad
441 3017 777 3158 Differentialis
806 3022 977 3124 Calculi
1014 3009 1413 3146 amplificationem
1448 3027 1629 3122 inuenta
1665 3054 1798 3140 sunt;

344 3209 576 3304 perpauca
603 3185 809 3310 inquam,
839 3221 936 3282 nam
967 3181 1211 3284 Euleriano
1249 3184 1425 3306 scripto
1468 3188 1602 3286 multa
1634 3189 1800 3284 addere

354 3341 538 3442 bominis
588 3370 710 3440 esset
751 3347 825 3442 uel
868 3344 1166 3447 incredibilem
1197 3349 1334 3446 buius
1383 3345 1640 3446 Geometrae
1679 3346 1794 3472 foe·

353 3503 624 3600 conditorem
654 3503 976 3637 ‚ignorantim
1026 3513 1099 3606 vel
1142 3505 1329 3604 Phidiae
1374 3511 1678 3620 simulacrum,
1718 3535 1797 3607 aut

355 3665 540 3790 Apellis
568 3675 759 3772 tabulam
789 3675 1015 3768 emendare
1045 3674 1135 3770 sibi
1158 3675 1417 3806 arrogantis

488 3831 753 3956 Superesset
802 3869 956 3944 nunc,
997 3859 1048 3930 ut
1081 3861 1225 3964 grata
1276 3833 1408 3929 aninni
1461 3819 1796 3968 significatione

352 3991 618 4092 declararem
658 3999 775 4126 quid
814 3999 911 4120 ipse
945 3996 1120 4094 debeam
1162 3990 1280 4094 Viro
1309 3993 1587 4088 celeberrimo
1629 3993 1794 4114 &po-

350 4151 560 4274 lnbistori
603 4157 891 4278 Praeceptori
923 4189 1066 4277 suuper
1101 4189 1190 4252 meo
1233 4147 1607 4252 GREGORIO
1632 4149 1795 4250 FON-

359 4303 608 4414 TANAE
656 4320 706 4416 in
758 4315 917 4452 Regio
967 4309 1199 4414 'licinenst'
1244 4308 1624 4446 Arcbigymnafio
1647 4313 1797 4444 subli-

352 4479 495 4575 mioris
534 4477 801 4578 Matbeseos
841 4473 1134 4607 Professum,
1180 4505 1262 4604 quo
1279 4510 1484 4627 [suasore
1526 4475 1575 4578 Θ
1615 4475 1795 4602 auspice

352 4671 438 4733 rem
487 4671 649 4740 omnem
706 4642 877 4744 molitus
944 4673 1076 4750 sum3
1131 4637 1224 4740 sed¹
1263 4640 1551 4734 uerecundiae
1605 4639 1792 4734 bominis

354 4798 698 4916 modestissimi,
752 4837 870 4934 quem
912 4809 985 4907 uel
1021 4809 1246 4906 nominare
1293 4807 1467 4906 omnino
1509 4802 1791 4926 prohibeor,

341 4965 609 5084 parcendum
642 4963 731 5098 est.
