4909 6334
711 770 799 851 ω
1142 738 1462 825 caput·
1522 742 1594 823 oc

645 918 777 1008 notari
823 942 1010 1039 oportet,
1055 918 1327 1039 aequationem
1373 916 1527 1002 finitam
1568 942 1645 1003 tres
1673 910 1880 1003 variabiles
1910 946 2003 1003 com
2032 913 2088 1008 le·.

644 1040 815 1125 cientem
859 1038 1119 1125 determinare
1165 1036 1429 1147 relationem,
1473 1064 1591 1151 quam
1621 1064 1865 1171 unaquaeque
1893 1036 1941 1123 ad
1975 1038 2090 1123 brnas‘

645 1156 813 1275 reliquas
859 1182 1016 1271 teueat;
1062 1156 1249 1245 definitur
1293 1186 1415 1271 ergo,
1445 1154 1570 1271 qualis
1600 1151 1749 1243 sunsito
1780 1154 1828 1241 srt
1859 1190 1885 1238 z
1914 1152 2085 1274 ipsarum

645 1310 679 1365 x
708 1280 748 1361 dt
784 1310 834 1391 y.
882 1276 1223 1391 Quemadmodum
1269 1276 1394 1389 igitur
1421 1273 1601 1391 aequatio
1631 1272 1854 1361 huiusmodi
1882 1274 1998 1361 finita
2027 1306 2085 1361 re·

645 1390 842 1505 solvitur,
883 1395 910 1479 li
955 1396 1168 1515 reperiatur
1213 1396 1337 1515 qualis
1376 1384 1528 1507 sundiio
1558 1392 1726 1511 ipsarum
1755 1425 1789 1481 ae
1819 1394 1910 1509 &y
1941 1392 2030 1481 loco
2063 1428 2090 1478 z

646 1510 820 1599 substitui
866 1514 1029 1628 debeat,
1075 1540 1138 1603 ut·
1159 1512 1381 1633 aequationi
1412 1508 1601 1625 satisfiat,
1629 1514 1688 1598 ita
1718 1540 1875 1631 quoque
1905 1512 2094 1631 aequatio

645 1632 911 1745 differentialis
957 1660 1034 1723 tres
1079 1633 1286 1721 variabiles
1330 1628 1590 1751 complesiens
1619 1630 1930 1743 determinabit,
1958 1632 2095 1749 qualia

644 1748 797 1839 sunsiio
843 1782 918 1839 una
947 1752 995 1839 stt
1040 1754 1308 1873 reliquarum,
1336 1751 1442 1871 isque
1471 1750 1693 1837 huiusmodi
1722 1750 2001 1871 aequationem
2033 1780 2095 1837 re*

644 1868 797 1959 solvisse
841 1870 1042 1961 censendus
1088 1872 1168 1987 est,
1214 1873 1282 1993 qui
1327 1870 1558 1957 indicaverit
1587 1900 1675 1957 eam
1705 1870 1887 1958 binarum
1918 1868 2093 1959 variabi-

642 1990 748 2077 lium
776 2022 808 2079 at
839 1994 877 2077 δι
901 2024 930 2103 y
960 1989 1231 2105 sunsiionem,
1258 2021 1353 2110 quae
1384 1990 1476 2077 loco
1505 1988 1643 2076 tertiae
1672 2024 1699 2075 z
1728 1986 1930 2077 substituta
1951 2018 2094 2107 aequa·-

644 2108 751 2193 tioni
798 2105 1030 2219 satisfaciat,
1076 2109 1137 2197 seu
1182 2140 1270 2199 eam
1315 2108 1527 2195 identicam
1570 2108 1726 2196 reddat.
1758 2108 1960 2227 Aequatio
1993 2139 2097 2223 ergo

644 2226 913 2315 differentialis
956 2228 1192 2344 resolvitur,
1238 2230 1268 2315 si
1313 2228 1379 2315 vel
1417 2226 1567 2315 firndiio
1597 2224 1765 2348 ipsarum
1793 2260 1827 2322 tt
1856 2230 1949 2345 &y
1980 2228 2089 2313 valo.-

646 2375 733 2431 rem
778 2346 893 2465 ipsius
938 2382 964 2433 z
983 2348 1184 2439 ,exhibens
1213 2349 1448 2460 definiatur,
1476 2347 1544 2434 vel
1573 2349 1752 2483 aequatio
1783 2346 1897 2435 finita
1924 2348 2085 2462 assigne-

645 2490 738 2577 tur,
768 2495 841 2583 qua
871 2464 975 2553 idem
1004 2468 1155 2555 debitus
1185 2468 1300 2588 ipsius
1331 2502 1357 2552 z
1387 2467 1499 2553 valor
1528 2492 1803 2585 exprimatur.

774 2586 868 2697 308.
941 2590 1176 2707 Quanquam
1221 2615 1354 2674 autem
1398 2585 1528 2673 omnis
1581 2586 1759 2704 aequatio
1814 2582 2087 2673 differentialis

644 2702 739 2788 duas
771 2728 922 2789 tantum
963 2700 1166 2793 variabiles
1195 2706 1485 2827 complesiens,
1516 2703 1665 2825 semper
1692 2704 1996 2793 determinatam
2023 2733 2087 2789 re·

646 2818 842 2907 lationem
887 2822 989 2910 iuter
1033 2854 1094 2913 eas
1141 2826 1362 2945 exprimit3
1393 2852 1522 2913 tamen
1553 2826 1631 2915 hoc
1661 2854 1742 2911 non
1772 2822 1920 2942 semper
1949 2822 2084 2909 evenit

643 2938 691 3027 in
737 2942 1039 3059 aequationibus·
1077 2944 1398 3035 differentiaiibus
1441 2945 1565 3033 trium
1609 2940 1884 3031 variabilium.
1929 2946 2094 3027 Dantur

645 3057 756 3143 enim
785 3058 971 3146 eiusmodi
1002 3064 1279 3183 aequationes,
1308 3064 1447 3182 quibus
1478 3062 1592 3183 plane
1620 3062 1732 3153 nullo
1764 3062 1885 3149 modo
1926 3058 2081 3147 btisfie·

647 3175 684 3261 ri
731 3176 906 3292 poterit,
949 3180 1195 3381 quaecuuque
1241 3182 1391 3267 sunsiio
1436 3181 1605 3299 ipsarum
1650 3216 1683 3272 ae
1727 3184 1767 3267 &
1804 3218 1835 3299 y
1880 3180 2089 3265 inlocum

647 3292 764 3411 ipsius
811 3328 837 3377 z
883 3294 948 3381 sub
981 3296 1151 3386 ituatur.
1196 3297 1276 3387 Uti
1321 3298 1349 3383 st
1396 3299 1594 3417 proposita
1631 3296 1750 3385 fauerit
1780 3302 1875 3386 haec
1905 3298 2093 3416 aequatio
2135 3294 2138 3298 ’

646 3414 725 3527 zdy
736 3414 885 3531 :yda
915 3411 1027 3503 sacile
1074 3440 1210 3535 patet,
1240 3417 1390 3505 nullam
1422 3416 1573 3535 prorsus
1601 3418 1684 3504 dari
1714 3406 1956 3505 sundiiotietn
1986 3413 2087 3533 ipsa·

647 3524 738 3616 rtim
783 3568 815 3621 x
845 3534 884 3615 8(
908 3564 960 3651 y,
991 3535 1206 3655 quae-loco
1238 3567 1264 3623 a
1293 3534 1495 3623 substituta
1524 3538 1655 3623 reddat
1684 3537 1953 3652 zdyzydx,
1981 3536 2098 3621 disse·-

648 3648 828 3737 rentialia
873 3650 980 3737 enim
1025 3656 1081 3743 dx
1129 3657 1170 3739 8<
1214 3658 1265 3769 dy
1311 3654 1422 3742 nullo
1469 3654 1590 3741 modo
1618 3654 1921 3770 extinguentur.
1952 3652 2089 3743 Simili

646 3768 770 3853 modo
815 3796 972 3973 apparet
1003 3768 1164 3884 nullutn
1192 3772 1276 3859 dari
1307 3772 1547 3859 suntiionem
1578 3773 1745 3893 ipsarum
1775 3808 1809 3863 at
1838 3778 1877 3862 ἃ
1908 3808 1962 3887 z,
1990 3802 2095 3891 quae

647 3886 738 3973 ioco
776 3920 826 4007 y,
868 3888 1052 3979 ubstituta
1099 3892 1224 3981 eidem
1269 3894 1491 4011 aequationi
1538 3892 1770 3981 satisfaciat.
1817 3898 2084 4012 Quaecunque

647 4004 754 4095 enim
801 4036 871 4127 pro
906 4042 943 4121 y
970 4010 1211 4131 concipiatur
1241 4010 1392 4099 fitndiio
1421 4012 1588 4131 ipsarum
1616 4048 1649 4103 x
1680 4018 1719 4099 8(
1750 4046 1803 4125 z,
1833 4010 1877 4099 in
1905 4012 1986 4099 eius
2014 4006 2091 4098 dis-

647 4122 843 4213 serentiali
889 4128 941 4241 dy
985 4128 1081 4219 inest
1127 4134 1208 4244 da,
1254 4133 1356 4251 quod
1400 4132 1490 4254 quia
1520 4130 1562 4217 in
1590 4132 1819 4249 aequatione
1850 4162 1929 4218 non
1961 4132 2086 4247 inest,

646 4242 786 4333 destrui
834 4274 912 4332 non
957 4248 1132 4369 poterit.
1180 4254 1429 4339 Hancobrem
1474 4250 1581 4337 nulla
1625 4251 1804 4371 aequatio
1835 4252 1948 4339 finita
1978 4252 2084 4339 inter

649 4366 831 4501 te‚y,.t}‹
860 4394 886 4449 tt
915 4364 997 4455 dari
1026 4370 1174 4487 potesi,
1203 4400 1299 4491 quae
1327 4368 1549 4490 aequationi
1579 4370 1828 4458 differentiali
1845 4372 2086 4493 adp-:yda

648 4504 876 4575 convemat.
1610 4507 1616 4519 '

775 4634 865 4717 309.
927 4608 1034 4696 Hinc
1064 4606 1308 4733 aequationes
1337 4608 1610 4699 differentiales
1640 4638 1716 4703 tres
1746 4611 1958 4702 variabiles
1980 4649 2076 4706 con·

647 4720 816 4813 tinentes
860 4724 1035 4814 distribui
1066 4720 1223 4848 oportet
1247 4734 1296 4819 'in
1326 4730 1572 4846 imaginarias
1602 4736 1642 4820 dt
1671 4734 1810 4826 reales.
1838 4732 2077 4827 Huiusmodi

649 4866 778 4961 autem
821 4845 1000 4963 aequatio
1045 4851 1122 4935 erit
1165 4850 1395 4966 imaginaria
1425 4852 1485 4940 seu
1515 4850 1699 4969 absurda,
1727 4850 1790 4943 cui
1821 4880 1890 4974 per
1918 4858 2070 4947 nullam

1883 5003 2015 5095 ae‹111²-
