4909 6334
851 724 1170 813 CAPUT
1232 729 1316 811 VII.
1664 738 1743 845 163

365 898 447 996 rint
474 898 683 1015 assumtae,
712 902 797 1022 poll
826 900 1026 1023 triplicem
1055 900 1429 997 differemiationem
1458 898 1608 1025 semper
1640 908 1800 999 eandem

365 1102 519 1223 prodire
547 1102 829 1225 expressionem
864 1024 1144 1230 Qxffss..

896 1212 1054 1265 aa-zz

484 1304 580 1417 238.
642 1299 721 1387 Uti
766 1324 905 1389 autem.
944 1298 1029 1419 post
1086 1298 1296 1423 triplicem.
1333 1298 1708 1392 differentiationem
1752 1308 1800 1393 ad

362 1424 520 1512 eandem
551 1419 832 1539 expressronem
862 1420 915 1507 est
946 1446 1201 1539 perventum,
1233 1423 1291 1507 ita
1320 1451 1474 1542 quoque
1504 1423 1701 1512 consensus
1731 1426 1800 1511 de-

361 1542 619 1663 prehenditur
646 1538 688 1627 in
717 1540 1059 1652 differentialibus,
1088 1571 1184 1659 quae
1215 1538 1380 1629 secunda.
1401 1544 1683 1630 differentiatio
1715 1542 1797 1664 sup-

363 1660 576 1783 peditavit.
607 1664 655 1749 sn
686 1658 734 1747 iis
765 1658 909 1765 scilicet
939 1660 1303 1781 expressoquaevis
1320 1660 1379 1747 bis
1395 1664 1592 1777 occurrit3
1622 1663 1721 1749 unde
1736 1692 1800 1782 pa·

362 1804 444 1895 ret,
475 1810 574 1901 quae
597 1776 789 1869 formulae
819 1779 954 1873 iisdem
983 1779 1304 1871 differentialibus
1334 1780 1409 1867 srnt
1433 1783 1615 1897 affeslae,
1645 1780 1794 1869 easdem

362 1928 515 2021 quoque
560 1898 664 1989 inter
709 1896 746 1985 se
774 1898 846 1987 elle
875 1900 1076 2019 aequales,
1115 1927 1228 2021 arque
1258 1900 1531 1988 differentialia
1561 1902 1679 1989 tertia
1709 1901 1797 1989 ideo

323 2098 328 2111 .
361 2018 435 2107 effe
466 2019 597 2107 omnia
627 2019 730 2108 inter
761 2018 804 2109 se.
819 2021 1014 2141 aequalia,
1043 2019 1134 2139 quia
1149 2020 1288 2110 iisdem
1308 2020 1628 2109 differentialibus
1644 2023 1800 2119 dxdydrr

360 2134 449 2227 firm
493 2138 652 2225 affecta.
698 2140 804 2229 Hinc
849 2142 972 2257 igitur
1016 2140 1311 2254 concludimus,
1356 2139 1385 2223 sr
1418 2148 1458 2226 V
1490 2140 1607 2229 suerit
1640 2139 1790 2227 funslio

359 2285 602 2379 quotcunque
633 2260 885 2351 variabilium.
913 2290 1015 2372 rr,y,
1032 2293 1211 2373 rr„o,u,
1241 2264 1313 2346 &n
1345 2288 1463 2376 eaque
1494 2260 1690 2347 successive
1719 2258 1792 2344 ali-

356 2378 511 2499 quoties
555 2380 865 2491 disferentietur,
896 2405 940 2470 ut
986 2378 1133 2497 semper
1173 2378 1286 2470 unica
1317 2403 1470 2467 tautum
1501 2380 1693 2497 quantitas
1724 2409 1790 2463 va-

356 2495 510 2585 tiabilis
550 2497 786 2614 assumatur;
834 2526 919 2585 tum
966 2498 1117 2617 quoties
1156 2501 1202 2585 ad
1233 2498 1488 2619 expressiones
1519 2497 1794 2616 perveniatur,

357 2646 454 2737 quae
502 2614 637 2705 iisdem
677 2620 997 2709 differentialibus
1028 2619 1102 2704 srnt
1132 2617 1320 2732 affeslae,
1346 2648 1408 2705 eas
1439 2648 1590 2737 quoque
1622 2616 1725 2701 inter
1757 2614 1794 2703 se

356 2736 531 2855 aequales
576 2736 681 2830 fore.
727 2740 792 2841 Sic
834 2740 981 2861 duplici
1025 2738 1356 2830 differentiatione
1386 2739 1536 2855 orietur
1567 2734 1792 2823 huiusmodi

355 2882 407 2941 ex
436 2860 550 2946 reslro
592 2858 760 2973 dedy,
803 2860 898 2948 dum
943 2860 990 2947 in
1031 2858 1153 2945 altera
1198 2856 1279 2947 sola
1323 2892 1376 2968 e,
1423 2858 1465 2944 iu
1506 2856 1628 2941 altera
1659 2854 1791 2954 solay

356 3006 381 3061 a
410 3001 520 3067 umta
558 2978 610 3063 ell
656 2978 878 3067 variabilis:
925 2978 1153 3113 perindeque
1193 2976 1252 3062 est·
1278 3004 1364 3067 utra
1393 2977 1527 3111 prius,
1557 2970 1789 3094 posteriusve

258 3120 264 3135 ·
353 3094 404 3181 srt
450 3096 648 3187 variabilis
678 3096 857 3185 assumta.
900 3097 1032 3188 Simili
1065 3098 1183 3183 moslo
1216 3094 1280 3183 serr
1311 3096 1588 3183 varirs'modis
1621 3122 1687 3211 per
1719 3092 1788 3178 tri·

353 3214 499 3333 plicent
539 3216 911 3307 differentiationem
956 3218 1087 3303 eadem
1134 3214 1314 3329 exsurget
1344 3214 1535 3331 expressio
1566 3211 1785 3327 dedydz5

351 3358 469 3451 atque
514 3336 660 3449 viginti
707 3364 872 3454 quatuor
918 3334 1036 3421 variis
1078 3336 1204 3421 modis
1236 3332 1482 3455 pervenietur
1513 3334 1596 3450 posi
1625 3332 1785 3448 quadru-

348 3448 498 3571 plicem
543 3452 913 3543 differentiationem
957 3454 1004 3539 ad
1025 3514 1029 3521 ·
1050 3453 1213 3545 eandem
1248 3454 1529 3572 expreslionem
1562 3450 1677 3537 huius
1708 3448 1784 3537 sor·

350 3602 440 3659 mae
471 3572 748 3695 dedydzdu,
778 3602 893 3694 atque
924 3573 980 3660 ita
1011 3602 1151 3693 porro·

347 3742 355 3763 ι
389 3790 394 3801 ,
477 3723 572 3807 239.
633 3696 856 3783 Veritatem
888 3695 1032 3809 hugum
1063 3696 1382 3782 Theorematum
1410 3690 1577 3811 quilibet
1602 3688 1782 3777 adhibita

351 3809 435 3923 levi
480 3816 699 3903 attentione
744 3846 794 3903 ex
840 3838 930 3901 ante
960 3806 1166 3931 explicatis
1196 3813 1399 3932 principiis
1430 3808 1543 3899 facile
1573 3808 1782 3923 agnoscet,

351 3955 468 4050 ¹atque
514 3936 670 4055 propria
715 3934 970 4023 meditatione
1015 3928 1165 4020 facilius
1209 3934 1455 4043 intuebitur,
1499 3960 1616 4045 quam
1664 3929 1782 4016 tantis

342 4056 566 4161 ¹verborum
610 4058 863 4175 ambagibus,
908 4052 985 4139 srne
1040 4052 1178 4171 quibus
1220 4049 1568 4157 demonstrationes
1606 4044 1784 4168 proferri

355 4200 437 4259 non
511 4174 650 4263 essent.
683 4174 792 4293 Quia
836 4204 931 4265 vero
962 4174 1102 4259 harum
1134 4172 1418 4293 proprietatum
1448 4168 1626 4285 cognitio
1658 4166 1785 4253 marri·

333 4290 413 4377 mi
444 4206 508 4377 esl
527 4297 720 4387 momenti
750 4296 792 4385 iu
821 4292 970 4385 calculo
1000 4290 1210 4409 integrali,
1241 4298 1428 4407 Tyrones
1460 4288 1545 4378 sunt
1575 4286 1784 4401 monendi,

353 4436 398 4496 ut
428 4432 511 4501 non'
539 4417 663 4507 solum
697 4420 764 4504 has
796 4414 1051 4536 proprietates
1092 4414 1106 4498 i
1136 4414 1161 4497 sr
1193 4412 1400 4527 diligenter
1431 4410 1696 4521 meditentur,
1727 4439 1785 4495 ea·

354 4558 515 4653 rumque
561 4540 768 4626 veritatem
815 4534 1054 4638 scrutentur,
1103 4445 1162 4621 specs
1208 4532 1329 4620 etiam
1376 4530 1550 4651 pluribus
1592 4528 1784 4649 exemplis

355 4662 637 4774 comprobent,
667 4643 744 4777 quo
777 4658 853 4744 hoc
885 4652 996 4775 padio
1026 4652 1098 4741 fibi
1129 4654 1228 4741 hanc
1259 4653 1464 4745 materiam
1484 4650 1782 4737 familiariorem

355 4772 536 4892 reddant,
583 4776 796 4897 frustusque
842 4776 930 4863 inde
974 4798 1086 4861 natos
1126 4774 1374 4893 postmodum
1405 4771 1556 4860 facilius
1586 4770 1782 4891 percipere

1057 4897 1099 4980 X
1129 4926 1151 4981 2
1637 4916 1725 5007 que·
