4909 6334
894 761 1376 850 PRAEFATIO.
1695 766 1775 852 cns

403 951 538 1038 sitatis
569 951 640 1060 'x,
668 941 773 1064 qnod
804 941 848 1030 in
870 973 1016 1064 genere
1062 941 1321 1028 indicavimus
1343 964 1417 1061 per
1454 969 1517 1052 e),
1547 942 1602 1030 ad
1630 944 1836 1028 interemen-

406 1095 506 1154 tum,
520 1068 703 1189 quadrati
734 1093 824 1178 xx,
853 1063 957 1180 quod
982 1063 1036 1176 est
1068 1053 1654 1173 exes†o›‹st,ratianemhabit
1680 1063 1837 1150 ut1od

408 1191 579 1296 2x†ct;
609 1219 708 1303 quae
727 1183 822 1298 sent
849 1217 890 1268 er
920 1177 1263 1298 differtaratione
1299 1209 1317 1266 1
1353 1181 1406 1266 ad
1438 1209 1517 1292 υς,
1541 1179 1837 1294 ηὲββιω-τος

405 1333 447 1392 at
467 1303 742 1420 sistatuantus
774 1206 851 1419 elli
880 1328 1031 1413 ot=0,
1060 1327 1144 1384 tum
1175 1297 1329 1384 demum
1359 1331 1454 1384 vere
1485 1291 1685 1409 affirmare
1708 1294 1834 1418 pestu-

405 1457 514 1540 mus;
545 1427 641 1510 bant
672 1429 860 1509 rationem
882 1421 980 1537 fieri
1010 1421 1136 1504 eualle
1167 1445 1212 1504 ut
1249 1448 1266 1504 1
1303 1419 1357 1505 ad
1387 1447 1470 1504 nx.
1501 1423 1669 1505 Interim
1699 1447 1835 1504 tamen

394 1542 660 1663 perspicitur,
702 1573 776 1658 qut
807 1543 946 1626 ¹minus
994 1537 1093 1623 illud
1139 1542 1416 1622 incrementum
1462 1565 1495 1622 ω
1523 1542 1760 1659 accipiatur,
1791 1575 1832 1628 ee

396 1668 550 1780 propius
589 1663 643 1748 ad
682 1661 780 1747 bam
799 1661 996 1748 rationem
1028 1657 1159 1743 accedi
1172 1691 1192 1767 ,·
1222 1656 1324 1740 unde
1353 1689 1425 1740 non
1443 1653 1576 1768 solum
1606 1659 1730 1773 licet,
1750 1659 1834 1774 sed

404 1785 524 1867 etiam
555 1809 718 1868 naturae
747 1783 806 1866 rei
833 1778 1041 1888 convenit,
1070 1777 1164 1862 baec
1205 1777 1444 1862 incrementa
1467 1783 1640 1894 primum
1671 1811 1714 1866 ut
1734 1781 1832 1896 fini·

403 1927 447 2004 ta
486 1899 749 2014 confiderent,
786 1901 907 2014 ¹atque
939 1899 1060 1981 etiam
1093 1899 1135 1982 in
1153 1897 1326 2014 figuris,
1345 1895 1386 2009 β
1415 1899 1551 2013 quibus
1580 1923 1667 2020 opus
1698 1903 1751 2015 est
1780 1904 1834 1990 ad

374 2051 486 2114 ,rem
518 2021 783 2134 illtfirandam
799 2083 813 2131 ,
832 2016 957 2134 finite
993 2015 1290 2136 repraesentare
1304 2051 1324 2126 ,·
1355 2017 1496 2102 deinde
1526 2053 1618 2105 vero
1647 2021 1740 2106 baec
1772 2025 1831 2107 r'n·

402 2166 597 2226 crementa
623 2141 851 2258 cogitatione
880 2139 1054 2222 continuo
1083 2139 1228 2222 minora
1249 2137 1348 2252 fieri
1388 2141 1676 2257 concipiantur,
1696 2141 1830 2257 sicque

403 2269 536 2345 eorum'
573 2262 673 2345 ratio
711 2261 882 2344 continuo
928 2259 1049 2374 magis
1081 2255 1134 2342 ad
1162 2283 1309 2340 certum
1340 2258 1533 2372 quendam
1563 2263 1734 2344 limitem
1766 2283 1830 2382 ap·

399 2383 654 2496 propinquare
699 2382 939 2495 reperiatur,
977 2407 1091 2488 quem
1137 2403 1268 2460 autem
1297 2403 1381 2460 turn
1412 2375 1567 2462 demum
1599 2383 1830 2497 attingant,

402 2529 488 2586 cum
528 2499 647 2615 plane
677 2498 718 2582 in
762 2495 926 2582 nibilum
967 2495 1155 2579 abierint.
1186 2497 1265 2578 Hic
1295 2521 1424 2578 autem
1454 2497 1595 2608 limes,
1626 2502 1695 2613 qui
1724 2501 1831 2613 quast

401 2621 587 2702 rationem
617 2618 797 2700 ultimam
828 2617 1144 2698 incrementorum
1175 2612 1327 2698 illorum
1357 2615 1578 2728 constituit,
1608 2647 1746 2700 verum
1777 2621 1831 2729 ιβ

401 2737 582 2824 sbiellum
610 2734 763 2822 Calculi
793 2727 1066 2847 differentialis
1081 2768 1100 2842 ,·
1128 2737 1233 2818 cuius
1263 2736 1382 2849 igitur
1405 2737 1536 2852 prima
1557 2731 1829 2850 fundamenta

401 2851 596 2970 is'iectffe
626 2853 892 2966 existimandus
924 2851 1005 2965 est,
1034 2857 1095 2938 cui
1119 2857 1291 2969 primum
1323 2856 1364 2936 in
1394 2880 1563 2936 mentem
1592 2859 1730 2965 venit,
1760 2857 1828 2941 has

402 2979 566 3060 rationes
596 2975 777 3082 ultimas,
807 2971 860 3056 ad
889 3002 982 3082 quas
1011 2975 1278 3087 quantitatum
1306 2971 1556 3056 variabilium
1588 2975 1829 3059 incrementa

402 3093 493 3180 dum
523 3093 694 3176 continuo
723 3121 762 3174 nt
812 3091 843 3173 is
873 3088 1159 3200 diminuuntur,
1190 3095 1513 3210 appropinquant,
1544 3089 1597 3178 (t
1619 3125 1707 3178 cum
1737 3127 1828 3179 eva·
1879 3131 1889 3146 ·

401 3209 589 3324 nesennt,
632 3235 717 3295 tum
763 3121 918 3294 dimum
964 3215 1188 3327 attingunt,
1234 3213 1510 3330 contemplari.
1540 3217 1664 3298 Huius
1694 3241 1826 3298 autem

391 3330 666 3451 speculationis
711 3327 873 3448 vestigia
903 3328 1216 3448 deprehendimus
1247 3332 1349 3448 apud
1387 3329 1662 3448 antiquiffimos
1692 3335 1828 3418 Auer-

405 3483 494 3561 res,
540 3450 674 3568 quibus
721 3451 860 3536 idcirco
907 3449 995 3538 idea
1026 3453 1216 3566 quaedam
1246 3449 1425 3564 levisque
1455 3455 1614 3567 cognitio
1643 3453 1825 3564 Aralyfis

404 3569 640 3685 infinitorum
669 3569 892 3655 abiudicari·
914 3573 1076 3685 nequit.
1105 3571 1325 3654 Paullatim
1365 3569 1506 3655 deinde
1537 3571 1630 3655 laec
1648 3567 1829 3682 scientia

405 3692 549 3774 maiora
578 3692 724 3808 accepit
755 3689 1020 3801 incrementa,
1060 3723 1183 3806 neque
1201 3688 1337 3803 subito
1368 3689 1421 3776 od
1449 3689 1494 3776 id
1512 3686 1721 3808 sapligium
1739 3696 1764 3802 ,'
1780 3693 1824 3772 irs

405 3839 478 3924 quo
520 3839 616 3892 nunc
660 3811 852 3921 ter-nitur,
897 3809 950 3922 ιβ
991 3814 1156 3920 evella;
1187 3804 1342 3922 etiamst
1369 3812 1526 3926 quidem
1557 3814 1598 3894 in
1629 3841 1674 3894 aa
1705 3810 1826 3926 multo

400 3928 515 4045 plura
545 3927 666 4014 adbuc
686 3927 784 4040 fint-
799 3931 965 4043 occulta,
994 3961 1110 4046 quant
1142 3934 1183 4015 in
1211 3933 1334 4015 lucem
1357 3932 1571 4047 protralla.
1593 3933 1696 4014 Cunt
1722 3931 1825 4014 tnt'nt

403 4047 584 4132 Calculus
627 4043 902 4164 differentialis
948 4051 1000 4137 ad
1043 4053 1164 4134 omnis
1185 4051 1340 4168 generis
1356 4046 1609 4163 funlliones,
1637 4075 1827 4166 utcunque

320 4277 327 4290 Ι
396 4165 481 4280 fiat
526 4169 772 4284 compositae,
816 4173 1072 4282 extendatur,
1117 4202 1190 4256 non
1217 4193 1376 4288 repente
1405 4169 1600 4282 methodus
1631 4171 1827 4280 innotuit,

404 4289 570 4370 trienium
608 4289 731 4404 plane
761 4287 1002 4404 sunlliottum
1049 4295 1284 4377 incrementa
1339 4287 1610 4404 evanescentia
1649 4293 1753 4374 inter
1770 4286 1827 4401 se

405 4407 681 4522 comparandi;
713 4407 797 4522 fid
814 4409 965 4524 senfim
1010 4411 1102 4496 haec
1134 4414 1307 4498 inventio
1335 4413 1389 4498 ad
1408 4409 1626 4525 sanllionas
1655 4413 1836 4495 continue

274 4634 277 4644 Ι
406 4529 528 4644 magis
556 4531 795 4646 complicatas
835 4531 1034 4648 proceffit.
1063 4525 1183 4654 Quod
1202 4529 1363 4645 scilicet
1394 4532 1446 4617 ad
1464 4525 1683 4646 sunlliones
1710 4532 1825 4615 ratio·

274 4647 277 4656 ’
410 4647 518 4730 noles
548 4651 722 4763 attinet,
750 4653 850 4734 ratio
889 4653 1057 4760 ultima,
1088 4681 1205 4765 quum
1237 4683 1368 4736 earum
1399 4651 1640 4735 incrementa
1685 4679 1825 4735 evane-

396 4760 559 4878 scentia
589 4769 691 4855 inter
713 4766 764 4882 se
807 4797 970 4884 teneret,
1008 4771 1128 4854 multo
1158 4797 1249 4854 ante
1277 4795 1489 4860 NEUTONI
1521 4799 1566 4852 ac
1586 4786 1823 4880 ἰἘΙΒΝΙΖΠ

406 4911 576 5004 tempora
606 4889 789 5012 effgnam'
806 4892 938 5012 'potuit
954 4924 972 5000 ,·
1002 4893 1060 4974 ita
1086 4915 1127 4974 ut
1144 4891 1324 4977 Calculus
1353 4883 1658 5006 differentialis,
1689 4912 1824 5000 quate·

409 5006 543 5116 nus‘ad
559 5007 668 5126 solas
688 5005 905 5132 sunllt'enes
919 5011 1123 5098 rationales
1153 5011 1395 5130 applicatur,
1424 5012 1492 5098 diu
1511 5034 1603 5093 ante
1617 5006 1710 5093 laec
1725 5031 1825 5089 tern-

1661 5151 1757 5246 pm
