4909 6334
598 898 1522 1058 perstarem·
1622 817 1662 1010 ἶ

374 1240 555 1588 (β.)
586 1372 653 1460 uid
687 1370 745 1486 fit
790 1346 972 1458 Calculus
1016 1365 1342 1490 Diffirentialis‚
1387 1403 1505 1492 utque
1550 1381 1592 1466 in
1630 1411 1776 1498 genere

378 1494 399 1561 Χ
475 1582 480 1587 ,
617 1489 798 1605 Anolyfis
829 1491 1109 1606 infinitorum,
1154 1499 1201 1580 iis
1242 1499 1310 1612 qui
1334 1497 1442 1580 nulla
1467 1499 1590 1585 adbuc
1616 1503 1695 1584 cius
1719 1495 1780 1583 ca?

433 1636 476 1687 &-
611 1615 785 1732 gnitione
815 1607 921 1722 sunt
950 1611 1119 1724 imbuti,
1149 1617 1219 1700 viu
1240 1710 1244 1717 ,
1263 1615 1446 1734 explicari
1467 1617 1591 1735 potest
1604 1651 1622 1703 .·
1652 1640 1777 1732 neque

345 1745 438 1854 bic,
483 1741 543 1824 uti
572 1738 613 1822 in
658 1733 748 1818 aliis
788 1725 1005 1848 disciplinis
1023 1729 1125 1846 fieri
1141 1731 1283 1846 solet,
1312 1735 1504 1820 exordium
1535 1737 1778 1822 trallationis

345 1896 371 1948 a
400 1859 627 1976 definitione
671 1847 860 1936 commode
895 1847 1058 1962 sumere
1101 1851 1223 1939 licet.
1254 1855 1340 1937 Mn
1370 1855 1471 1970 quod
1498 1855 1608 1942 buius
1638 1854 1779 1941 calculi

345 1982 455 2065 nulla
494 1979 613 2096 plane
642 1975 757 2060 detur
802 1967 978 2084 definitio
992 2004 1013 2080 ,·
1029 1967 1113 2082 fied
1151 1977 1329 2088 quoniam
1360 1975 1413 2060 ad
1443 2006 1528 2061 eam
1559 1975 1780 2092 intelligen-

342 2099 435 2188 dam
466 2093 652 2208 eiusmodi
682 2113 767 2209 opus
798 2089 852 2204 est
880 2091 1114 2206 nationibus,
1143 2125 1216 2176 non
1235 2093 1368 2206 solum
1399 2095 1441 2180 in
1455 2097 1545 2179 vita
1560 2093 1778 2206 communi}

345 2219 634 2304 verumetiam
666 2215 708 2296 in
737 2207 823 2328 ipsa
853 2209 1018 2324 Analyfi
1041 2209 1243 2326 finitorum
1290 2216 1414 2298 minus
1444 2217 1634 2326 uitatis,
1679 2245 1781 2330 quae

343 2338 499 2424 demum
545 2337 587 2419 in
630 2329 786 2416 Calculi
830 2324 1123 2444 Differentialis
1162 2335 1465 2450 pertral‘latione
1495 2335 1628 2420 evolvi
1658 2360 1780 2448 atque

344 2457 529 2575 explicari
560 2449 727 2564 solent:
772 2481 846 2566 quo
878 2445 969 2560 fit,
1012 2473 1058 2532 ut
1089 2453 1167 2536 eius
1207 2451 1385 2563 definitio
1413 2485 1485 2536 nou
1514 2481 1606 2536 ante
1629 2453 1781 2568 percipi

341 2603 490 2692 queat,
535 2601 652 2688 quam
698 2570 779 2654 eius
817 2567 1012 2686 principia
1056 2569 1136 2652 iam
1156 2565 1266 2677 satis
1310 2567 1484 2655 dilucide¹
1501 2565 1664 2684 suerint
1687 2591 1779 2686 per·

333 2692 492 2812 spella.
537 2691 715 2776 Primum
747 2687 867 2804 igitur
896 2686 957 2770 bic
1004 2687 1170 2772 calculus
1200 2693 1305 2774 circa
1333 2691 1576 2803 quantitates
1605 2688 1778 2773 variabi-

342 2813 400 2899 les
429 2808 644 2922 versatur:
675 2835 744 2892 etr
777 2809 879 2892 enim
909 2809 1030 2891 omnis
1075 2811 1275 2924 quantitas
1293 2805 1376 2918 sua
1406 2835 1547 2892 natura
1575 2812 1617 2895 in
1648 2805 1778 2922 infini-

300 3021 308 3040 ,
340 2959 429 3020 tum
477 2931 607 3044 augeri
637 2924 690 3012 (9¹
720 2920 888 3010 diminui
908 2924 1033 3040 potest
1047 2958 1067 3034 ,·
1112 2951 1247 3010 tamen
1277 2925 1370 3010 dum
1400 2926 1567 3010 calculus
1613 2925 1666 3010 ad
1692 2955 1775 3010 ccr-
1870 2962 1874 2968 ’

341 3077 429 3135 tum
470 3045 659 3164 quoddam
705 3037 919 3158 institutum
952 3041 1162 3158 dirigitur,
1192 3045 1295 3128 aliae
1334 3047 1577 3159 quantitates
1607 3043 1774 3157 constan·

345 3195 409 3254 ter
455 3165 617 3250 candem
664 3161 971 3278 magnitudinem
1017 3166 1187 3249 retinere
1233 3163 1519 3282 concipiuntur,
1550 3165 1654 3249 aliae
1683 3195 1778 3247 vcro

339 3310 412 3405 per
457 3317 583 3370 omnes
607 3283 751 3400 gradus
791 3281 967 3368 tullionis
998 3314 1042 3366 ac
1072 3281 1337 3370 diminutionis
1367 3287 1519 3368 variari
1531 3317 1547 3366 .·
1579 3285 1632 3370 ad
1661 3309 1780 3398 quam

347 3405 621 3518 dislinblianem
663 3401 871 3488 notandam
913 3401 1009 3488 illae
1039 3407 1283 3518 quantitates
1313 3403 1552 3514 constantes,
1583 3403 1656 3488 bat
1687 3433 1782 3485 vero

347 3523 561 3610 variabiles
607 3525 737 3608 wcari
769 3519 905 3634 solent
921 3554 941 3630 ,·
987 3523 1046 3604 ita
1092 3549 1134 3606 ut
1182 3521 1247 3606 boc
1278 3519 1488 3632 discrimen
1517 3553 1589 3604 non
1618 3549 1703 3605 tam
1734 3521 1780 3604 in

346 3647 404 3728 roi
436 3671 607 3754 natura,
637 3674 755 3756 quam
784 3643 825 3726 in
865 3641 1118 3756 quaestionis,
1148 3639 1201 3726 ad
1231 3673 1347 3756 quam
1377 3639 1544 3724 calculus
1574 3633 1783 3754 refertur,

347 3762 476 3848 indole
497 3761 554 3876 fit
580 3762 763 3880 pofitum.
794 3761 992 3888 Quoniam
1024 3761 1115 3847 baec
1145 3753 1375 3876 differentia
1404 3762 1507 3844 inter
1537 3762 1783 3876 quantitates

348 3881 555 3996 constantes
586 3879 639 3967 (5
668 3881 880 3968 variabiles
910 3883 1078 3998 exemplo
1109 3886 1275 3964 maxime
1306 3879 1590 3993 illustrabitur,
1620 3877 1784 3989 confide·

349 4033 477 4104 scmus
523 4003 662 4086 iaclum
703 3999 808 4121 globi
837 4033 881 4086 ert
926 4027 1113 4086 tormento
1154 4001 1288 4086 bellico
1316 4003 1362 4084 oi
1386 3999 1562 4116 pulveris
1585 4001 1692 4118 pyrii
1724 3991 1785 4080 erc'·

347 4119 440 4238 plofi
457 4153 477 4228 ,·
496 4119 691 4236 siquidem
723 4125 788 4208 boc
830 4121 1044 4240 exemplum
1076 4117 1128 4206 ad
1156 4151 1241 4204 rem
1273 4117 1563 4222 dilucidandam
1595 4115 1787 4236 imprimis

351 4243 528 4327 idoneum
576 4241 759 4326 videtur.
804 4237 943 4326 Plures
989 4243 1107 4356 igitur
1154 4241 1215 4326 bic
1272 4265 1469 4323 occurrunt
1516 4243 1788 4356 quantitates,

354 4391 519 4476 quarum
565 4363 665 4444 ratio
712 4367 752 4446 in
783 4360 853 4474 ista
885 4347 1174 4478 investigatione
1205 4359 1257 4472 cst
1287 4359 1463 4447 habenda
1480 4393 1495 4442 .·
1524 4361 1648 4478 primo
1672 4355 1786 4470 scili·

356 4505 417 4564 cot
459 4483 659 4593 quantitas
699 4483 885 4600 pulveris
915 4483 1056 4598 purim
1102 4507 1186 4564 tum
1234 4481 1403 4582 clevatio
1448 4483 1633 4564 tormenti
1660 4473 1790 4595 supra

359 4599 632 4708 horizontem
675 4605 791 4686 tertio
835 4601 1026 4714 longitudo
1072 4602 1189 4686 iablus
1231 4596 1349 4722 super
1382 4601 1500 4720 plano
1530 4597 1758 4686 horizontali
1770 4627 1791 4702 ;

359 4747 495 4834 quarto
524 4743 702 4838 tempus,
733 4751 803 4834 quo
831 4719 962 4836 globus
1009 4715 1177 4832 explosus
1209 4725 1251 4806 in
1280 4755 1369 4805 acre
1398 4717 1582 4829 vc‘rfatur·
1600 4755 1615 4804 .·
1647 4751 1690 4803 ac
1721 4713 1794 4825 nr'fi

359 4845 623 4956 experimenta
649 4839 779 4926 codem
809 4865 996 4925 tormento
1026 4841 1295 4956 instituantur,
1326 4839 1478 4960 insuper
1496 4845 1574 4926 eius
1600 4831 1793 4949 longitudo

355 4989 440 5048 cum
480 4959 646 5078 pondere
685 4961 792 5082 globi
835 4963 878 5051 in
906 4985 1120 5084 computum
1149 4961 1256 5050 trabi
1286 4960 1471 5051 deberet.
1503 4965 1643 5048 Verum
1675 4953 1736 5038 bic
1768 4990 1793 5040 a

1662 5106 1734 5161 va·
