4909 6334
765 812 849 899 174
1168 774 1486 865 CAPUT
1545 776 1645 858 VIII.

698 945 850 1087 prorsus
894 954 1131 1073 fignificare;
1177 954 1431 1077 quamobrem
1477 952 1572 1041 tales
1615 950 1871 1071 exprelsrones
1901 946 1947 1036 in
1975 946 2127 1041 calculo

634 1144 636 1149 -
700 1108 899 1173 occurrere
929 1106 1007 1164 non
1040 1076 1212 1197 pollunt.
1772 1155 1776 1165 ,
2122 1136 2131 1183 r

822 1226 916 1309 254
978 1196 1111 1285 Simili
1159 1194 1335 1283 modost
1375 1188 1545 1277 formula
1588 1189 1786 1277 contineat
1830 1188 1922 1277 duas
1980 1190 2131 1282 lurelve

698 1318 931 1425 variabiles,
962 1314 1003 1401 in
1034 1344 1149 1433 eaque
1195 1338 1397 1402 occurrant
1442 1308 1715 1397 differerrtialia
1745 1308 1894 1397 secundi
1924 1222 2131 1401 aliiorisve

696 1440 860 1559 gradus,
890 1434 1133 1549 intelligetur
1164 1434 1342 1521 valorem
1380 1430 1682 1518 determinatum
1712 1428 1850 1519 locum
1876 1430 2015 1517 habere
2047 1464 2132 1524 non

696 1558 822 1683 polle,
868 1552 937 1640 nist
982 1554 1238 1643 differentiale
1267 1551 1478 1672 quodpiam
1515 1550 1689 1637 constane
1726 1548 1940 1661 statuatur,
1968 1548 2018 1637 iis
2049 1578 2135 1641 tau·

695 1704 784 1767 tum
815 1674 986 1795 exeeptis
1014 1676 1179 1787 casrbur,
1209 1704 1305 1795 quos
1336 1701 1433 1758 mox
1464 1670 1765 1789 perpendemus.
1784 1674 1929 1789 Quum
1952 1669 2131 1787 primum

695 1796 806 1887 enim
836 1796 921 1882 Ida·
951 1794 993 1883 in
1024 1796 1204 1917 quapiam
1235 1792 1404 1880 formula
1433 1788 1560 1901 inest,
1589 1790 1777 1911 quoniam
1805 1818 1881 1909 pro
1906 1788 2027 1877 variis
2056 1791 2129 1878 dil·

694 1914 989 2029 ferentialibus,
1018 1946 1114 2035 quae
1142 1912 1357 2003 constantia
1385 1937 1614 2031 ponuntur,
1640 1908 1753 1997 valor
1782 1908 1899 2031 ipfius
1927 1912 2017 1999 ddx
2047 1940 2133 2031 per·-

724 2064 816 2123 etuo
847 2034 1046 2147 variatur,
1077 2034 1161 2121 fieri
1193 2032 1357 2151 nequit,
1388 2058 1433 2116 ut
1479 2028 1648 2116 formula
1679 2032 1821 2116 statum
1849 2028 2028 2117 obtineat
2059 2060 2126 2117 va·

695 2068 824 2243 iorem
839 2188 858 2263 ;
888 2154 1038 2271 hocque
1084 2154 1186 2239 idem
1232 2152 1338 2237 valet
1367 2150 1414 2233 de
1453 2146 1592 2265 quovis
1620 2148 1869 2237 differentiali
1898 2147 2038 2234 altiori
2070 2150 2133 2269 ip

695 2274 768 2371 suus,
798 2306 857 2381 x,
887 2296 1000 2387 atque
1031 2270 1151 2357 etiam
1180 2274 1227 2357 de
1257 2268 1576 2355 differentialibut
1606 2266 1846 2385 reliquarum
1872 2266 2128 2358 variabilium

694 2388 861 2481 secundis
893 2392 930 2473 dt
960 2386 1190 2477 altioribus.
1221 2390 1291 2478 Sin
1320 2414 1452 2475 autem
1480 2388 1643 2473 duarum
1673 2386 1895 2506 pluriumve
1923 2387 2129 2475 variabili·

693 2540 763 2597 um
808 2508 1080 2594 differentialia
1121 2508 1276 2595 secunda
1321 2507 1467 2619 insint,
1497 2506 1580 2592 fieri
1612 2508 1766 2626 potest,
1795 2533 1839 2594 ut
1868 2506 2126 2593 inconstantia

693 2632 742 2717 ab
773 2658 850 2715 uno
880 2626 1043 2713 oriunda
1074 2658 1139 2746 per
1171 2626 1469 2715 inconstantiam
1498 2624 1737 2745 reliquarum
1760 2628 1996 2741 dellruatur3
2013 2628 2123 2713 hinc·

723 2778 767 2835 ue
798 2744 961 2833 nascitur
991 2745 1061 2832 ille
1089 2744 1213 2859 casus,
1242 2744 1350 2835 cuius
1380 2746 1654 2857 meminimus,
1682 2776 1760 2865 quo
1791 2745 1961 2833 formula
1989 2742 2118 2833 huius·

692 2868 803 2953 moli
841 2864 1113 2951 differentialia
1154 2863 1311 2953 secunda
1338 2866 1501 2952 duarum
1531 2866 1752 2985 pluriumve
1783 2866 2035 2954 variabilium
2066 2866 2123 2955 in·

692 2987 858 3075 volvens
887 2985 1063 3071 valorem
1108 2986 1315 3073 delinitum
1356 2986 1497 3073 habere
1527 2987 1684 3103 potest,
1709 3018 1792 3075 nou
1819 2986 1995 3075 obstante
2022 2986 2128 3105 quod

692 3105 848 3193 nullum
876 3103 1132 3191 differentiale
1161 3106 1335 3192 constant
1364 3105 1413 3191 fit
1442 3104 1644 3225 pofitum.
2117 3161 2121 3182 .

610 3258 615 3268 .
690 3386 709 3411 ⁸
815 3328 911 3417 255.
970 3306 1081 3391 Haec
1126 3302 1252 3419 igitur
1288 3300 1461 3391 formula
1484 3224 1829 3469 Qssffl,
1858 3302 2130 3425 statamatque
2165 3304 2189 3339 ⁰

692 3500 816 3589 fixam
856 3500 1176 3613 fignificationem
1218 3502 1360 3589 habere
1389 3497 1562 3620 nequit,
1600 3498 1671 3587 nisr
1703 3502 1913 3623 quodpiam
1942 3502 2119 3591 differem·

692 3618 787 3707 tiale
817 3620 990 3739 primum
1019 3624 1191 3855 qqulqans
1221 3621 1433 3709 statuatur.
1493 3626 1602 3707 Nam
1641 3620 1670 3705 sr
1709 3623 1770 3709 dx
1800 3624 1973 3710 constans
2002 3651 2120 3745 pontt·

1022 3900 1133 4017 dxdy
1157 3894 1172 3932 '

692 4120 759 4183 tur
801 4018 959 4289 ἐξῆ
990 4096 1234 4187 manifestum
1261 4121 1394 4189 autern
1422 4102 1476 4191 est
1506 4098 1576 4190 hat
1613 4095 1803 4190 formulae
1840 4130 1921 4189 nou
1959 4098 2117 4190 necell'a·

687 4290 751 4377 rio
796 4292 898 4381 inter
944 4294 979 4383 se
1025 4294 1095 4383 ell’e
1133 4298 1332 4419 aequales.
1391 4300 1435 4391 Si
1464 4299 1571 4389 enim
1600 4301 1806 4391 necessario
1836 4298 1953 4387 efl‘ent
1980 4329 2115 4421 aequa·

686 4408 785 4527 les,
829 4412 923 4500 tales
954 4445 1109 4505 manere
1137 4418 1348 4529 deberent,
1378 4450 1620 4540 quaecunque
1650 4418 1801 4509 furato
1829 4405 1947 4540 ipliue
1974 4454 2008 4509 x
2053 4416 2114 4505 lo-

687 4557 735 4615 co
758 4566 787 4651 y
817 4530 1129 4627 substitueretur.
1191 4544 1385 4629 Ponamut
1416 4566 1570 4629 tantum
1599 4538 1671 4627 else
1688 4567 1722 4653 ‘y
1737 4574 1916 4651 :xm
1955 4542 1996 4626 8<
2023 4566 2115 4629 cum

1828 4661 1947 4805 '‘df-l-
1992 4736 2117 4824 aarum

1832 4817 1944 4935 dxdy
2018 4933 2028 4953 ·

692 3841 756 3907 tur
786 3818 992 3909 habebitur
1205 3820 1422 3909 sinautem
1451 3821 1502 3927 dy
1530 3779 1704 3911 cbustans
1731 3845 1928 3943 ponatur,
1956 3820 2116 3910 habebi

689 4724 817 4845 polito
847 4729 898 4817 dn
925 4714 1145 4855 conlldnte,
1174 4737 1225 4829 srt
1255 4738 1422 4855 day-..2-
1440 4739 1584 4856 κάκ’,
1612 4736 1785 4831 formula

2014 4964 2058 5021 ln
