4909 6334
723 778 779 857 oa
1157 761 1472 851 CAPUT
1530 764 1599 853 III.

664 948 825 1037 sensibus
868 967 983 1060 atque
1029 939 1311 1057 imaginatione
1342 940 1601 1063 suppeditari,
1631 944 1672 1031 iit
1704 944 1782 1031 hoc
1812 968 1946 1031 autem
1975 948 2097 1059 nego·

665 1070 728 1155 tio
759 1064 883 1150 solum
912 1061 1156 1150 intelletium
1215 1092 1327 1151 urum
1358 1064 1537 1149 adhiberi
1566 1094 1591 1151 o
1620 1090 1778 1177 ottere;
1810 1062 1929 1151 sensus
1957 1089 2095 1149 autem

664 1216 709 1271 ac
755 1178 962 1269 ratiocinia
992 1180 1080 1267 inde
1208 1182 1314 1267 entia
1344 1178 1552 1301 saepissime
1633 1183 1739 1271 iere.
1769 1181 1994 1271 Intellestus
2026 1178 2093 1267 sci·

663 1304 763 1393 licet
793 1332 906 1423 purus
935 1298 1111 1414 agnoscet
1141 1300 1227 1388 fieri
1255 1300 1389 1503 posse,
1419 1328 1464 1389 ut
1494 1333 1580 1423 pars
1609 1300 1818 1401 millesima
1848 1302 1952 1421 pedis
1982 1298 2092 1387 cubi

663 1422 703 1511 ci
746 1420 931 1508 materiae
975 1421 1087 1507 omni
1132 1446 1251 1508 exten
1267 1450 1357 1507 ione
1401 1446 1555 1537 careat,
1585 1422 1689 1542 quod
1720 1419 1994 1535 imaginationi
2026 1422 2093 1505 ab·

664 1542 820 1631 surdum
862 1538 1053 1627 videtur.
1098 1546 1212 1627 Tum
1256 1569 1391 1653 vero,
1434 1542 1537 1659 quod
1568 1540 1687 1630 sensus
1718 1538 1987 1659 saepenumero
2019 1535 2096 1625 sai-

663 1661 779 1773 lani,
809 1687 867 1745 res
895 1686 988 1743 vera
1015 1658 1173 1776 quidem
1201 1656 1282 1771 est,
1311 1684 1352 1745 at
1382 1659 1532 1745 nem-ini
1561 1658 1690 1747 itiinus
1721 1688 1837 1777 quam
1865 1661 2086 1745 mathema-

667 1780 757 1867 t'icis
801 1774 951 1897 opponi
996 1776 1146 1894 potest.
1190 1776 1386 1865 Mathesis
1421 1777 1531 1866 enim
1558 1808 1629 1865 nos
1659 1776 1856 1897 imprimis
1885 1806 1910 1861 a
1938 1774 2096 1863 fallacia

667 1895 841 1987 sensuum
884 1891 1084 2011 defendit,
1127 1920 1242 2015 atque
1286 1894 1399 1983 docet
1444 1896 1623 2011 obiesia,
1653 1926 1748 2015 quae
1778 1893 1939 1983 sensibus
1971 1896 2099 2015 perci.

666 2016 857 2137 piuntur,
898 2012 1012 2099 aliter
1057 2044 1190 2101 revera
1234 2014 1306 2101 esse
1334 2041 1588 2137 comparata,
1613 2014 1730 2103 aliter
1758 2045 1854 2103 vero
1884 2044 2096 2135 appareret

667 2140 836 2253 haecque
881 2130 1038 2218 scientia
1082 2134 1269 2220 tutissima
1309 2135 1427 2221 tradit
1457 2162 1684 2256 praecepta,
1714 2164 1809 2254 quae
1838 2136 1906 2253 qui
1939 2132 2094 2252 sequun-

669 2282 761 2365 tur,
789 2254 838 2337 ab
867 2248 1045 2337 illusione
1074 2248 1245 2340 sensnum
1276 2253 1468 2343 immunes
1499 2254 1608 2343 sitiit.
1638 2254 1875 2341 Huiusmodi
1906 2284 2000 2368 ergo
2033 2282 2096 2339 re-

667 2370 962 2493 sponsionibus,
1008 2395 1161 2457 tantum
1205 2372 1335 2486 abest,
1359 2392 1411 2460 -ut
1440 2372 1707 2495 Metaphysici
1739 2372 1849 2463 suam
1872 2373 2098 2471 dedititiam

668 2517 876 2602 tueantur,
905 2514 950 2574 ut
979 2518 1067 2576 eam
1096 2490 1228 2609 potius
1260 2492 1388 2605 magis
1413 2490 1619 2613 sispediam
1649 2494 1818 2583 efficiant
1836 2556 1854 2579 .

676 2648 681 2655 ·
791 2611 859 2695 82‘.
919 2614 1073 2697 Verum
1100 2634 1144 2694 ut
1172 2610 1219 2695 ad
1250 2611 1492 2729 propositum
1521 2638 1794 2725 revertanuir,
1824 2610 1972 2699 etiamst
2003 2610 2090 2729 quis

670 2750 787 2843 neget
832 2726 875 2813 in
919 2726 1066 2815 mundo
1096 2758 1307 2817 numerum
1332 2728 1533 2817 infinitum
1564 2760 1699 2819 revera
1727 2731 1923 2841 existete;
1956 2756 2090 2817 tamen

667 2848 712 2935 in
759 2844 1098 2967 speculationibus,
1124 2838 1413 2939 mathematicis
1453 2848 1659 2971 saepissime
1691 2876 1896 2941 occurrunt
1926 2848 2090 2967 questio·

670 2986 766 3077 ties,
810 2965 857 3049 ad
903 2995 1022 3082 quas,
1067 2966 1138 3053 nisi
1168 3000 1349 3057 numerus
1379 2968 1555 3057 infinitus
1584 2970 1844 3083 admittatur,
1873 2966 2088 3087 responderi

670 3114 752 3169 non
800 3080 951 3200 posset.
992 3083 1087 3195 Sic,
1129 3086 1390 3203 siquaeratnr
1429 3088 1578 3175 fitmma
1606 3088 1786 3177 omnium
1818 3115 2093 3197 numerorum,

670 3200 740 3319 qui
771 3202 872 3285 hanc
902 3197 1041 3285 seriem
1073 3204 1672 3318 1÷2†3†4†5†&e
1702 3206 1939 3294 constituunt
1955 3242 1974 3317 ;
2004 3206 2089 3323 quia

671 3317 738 3407 isti
785 3318 939 3406 numeri
985 3319 1084 3406 sine'
1108 3319 1185 3408 fine
1231 3324 1529 3442 progrediuntur
1543 3380 1565 3440 ,-
1584 3352 1698 3444 atque
1727 3324 1926 3437 creseunt,
1956 3350 2087 3411 eorum

670 3437 857 3525 omnium
901 3436 1049 3526 summa
1076 3466 1179 3529 certe
1209 3442 1321 3528 finita
1349 3444 1420 3531 eise
1450 3476 1529 3531 non
1561 3446 1736 3563 poterint·
1759 3474 1842 3565 quo.
1866 3443 1949 3564 ipso
1979 3442 2089 3529 effici·

670 3585 765 3668 tur,
810 3586 898 3643 earn
924 3554 997 3643 esse
1026 3558 1251 3647 infinitam.
1281 3563 1418 3677 Hinc,
1449 3594 1550 3682 quae
1573 3566 1767 3683 quantitas
1798 3590 1905 3658 tanta
1936 3563 2016 3675 esi,
2046 3584 2085 3647 ut

670 3674 786 3761 omni
816 3674 1032 3810 quantitate
1063 3677 1176 3765 finita
1205 3681 1253 3765 sit
1284 3682 1438 3794 maior,
1468 3714 1512 3769 ea
1541 3714 1620 3770 non
1651 3684 1806 3771 infinita
1835 3683 1905 3769 esse
1936 3682 2085 3800 nequit.

673 3794 742 3882 Ad
773 3791 996 3883 huiusmodi
1034 3798 1297 3914 quantitatem
1322 3800 1589 3915 designandam
1619 3802 1900 3891 Mathematici
1931 3808 2087 3887 ittuntur

669 3916 752 4001 hoc
796 3912 908 4029 signo
933 3948 1029 4028 00,
1058 3944 1137 4035 quo
1164 3920 1370 4005 denotatur
1399 3920 1591 4038 quantitas
1622 3920 1733 4008 omni
1762 3921 1979 4039 quantitate
2008 3916 2089 4004 sini·

669 4039 749 4143 ra,
795 4030 857 4118 seu
899 4033 1153 4151 assignabili'‚
1193 4040 1350 4125 maior.
1396 4040 1459 4128 Sic
1504 4070 1593 4127 cum
1639 4043 1827 4131 Parabola
1856 4040 1913 4125 ita
1940 4034 2088 4125 definiri

669 4173 820 4269 queat,
864 4174 909 4238 ut
947 4150 1096 4241 dicatur
1126 4155 1198 4242 esse
1229 4158 1389 4277 Eliipsis
1419 4158 1572 4245 infinite
1603 4158 1742 4273 longa,
1772 4160 1873 4247 resie
1901 4162 2087 4244 affirmare

668 4267 893 4397 poterimus
922 4298 1038 4357 axem
1070 4276 1279 4363 Parabolae
1309 4276 1380 4363 esse
1411 4278 1577 4367 Lineam
1607 4279 1751 4365 renam
1781 4277 2006 4367 infinitam.

668 4430 672 4437 ·
799 4391 867 4502 83.
926 4394 1034 4477 Haec
1079 4418 1211 4481 autent
1257 4396 1405 4483 infiniti
1450 4396 1628 4483 dodirina
1656 4399 1780 4513 magis
1810 4396 2091 4507 illustrabitur,

676 4504 705 4591 fi
741 4507 833 4623 quid
862 4511 910 4595 sit
943 4505 1098 4620 infinite
1143 4543 1308 4633 parvum
1354 4516 1733 4603 Mathematicorum
1778 4514 2088 4635 exposuerimus.

666 4624 849 4711 Nullum
893 4654 1024 4715 autem
1069 4630 1122 4717 est
1164 4632 1356 4747 dubium,
1400 4634 1494 4753 qniti
1533 4634 1663 4723 omnis
1702 4636 1893 4754 quantitas
1934 4634 2092 4753 eousque

676 4742 845 4831 diminui
867 4774 1030 4862 queat,
1076 4752 1201 4866 quoad
1247 4752 1398 4870 penitus
1442 4754 1665 4867 evanescat,
1693 4780 1733 4841 at
1761 4786 1808 4842 ue
1846 4755 1888 4841 in
1919 4754 2092 4839 nihilum

677 4867 807 4951 abeat.
839 4870 912 4955 Sed
940 4866 1133 4983 quantitas
1162 4868 1318 4963 infinite
1348 4902 1466 4991 parva
1496 4870 1555 4959 nil
1585 4874 1689 4961 aliud
1719 4787 1771 4961 eh
1801 4872 1872 4962 nisi
1903 4873 2094 4995 quantitas

1955 5020 2041 5081 eva·
