4909 6334
752 761 805 843 ts
1128 733 1494 832 ‘carun‘
1552 744 1620 835 m

697 936 825 1023 maior
854 930 930 1018 erit
960 958 1077 1047 quam
1107 924 1262 1014 infinite
1291 938 1429 1044 parva.¹
1459 920 1696 1015 Huiusmodi
1728 920 1850 1037 igitur·
1880 920 2114 1040 locutionem·

696 1056 835 1173 quibus
881 1048 1008 1168 plures
1049 1048 1325 1157 offenduntur,
1370 1074 1448 1133 non
1479 1041 1563 1129 sunt
1594 1044 1896 1161 improbandae,
1925 1071 2013 1139 cum
2042 1078 2112 1143 eet.

698 1170 850 1257 tilsunis
894 1166 1113 1253 innitantur
1157 1162 1380 1283 principiis.
1439 1161 1592 1250 Deinde
1638 1162 1758 1247 eriam
1802 1192 1851 1249 ex
1894 1163 2119 1291 aequatione

692 1325 731 1513 -ἓ
744 1356 900 1467 ι-..Ὄό
920 1364 1087 1485 sequitur
1103 1339 1203 1451 ‘fieri
1234 1360 1365 1485 posset,
1393 1384 1438 1450 ut
1469 1360 1574 1447 nihil
1599 1390 1673 1482 per
1703 1358 1960 1484 quantitatem
1990 1360 2117 1486 infini-¹

694 1594 736 1655 te
765 1590 956 1680 magnam·
978 1562 1287 1683 multiplicatum
1314 1560 1504 1763 producat
1529 1557 1793 1677 'quantitatem
1821 1558 1999 1675 finitam,
2018 1559 2117 1677 qu'od

693 1685 866 1773 alienum
906 1682 1030 1769 uideri
1070 1682 1229 1799 posset,
1270 1680 1312 1765 ni
1382 1676 1604 1797 planissime
1637 1680 1706 1793 per
1741 1676 1968 1791 legitimam
1996 1676 2116 1767 conse·
2162 1706 2173 1733 *

697 1802 897 1925 quantiam
926 1801 1015 1889 esset
1045 1800 1270 1888 deduetum.
1351 1884 1357 1896 ,
1580 1888 1586 1895 ,
1742 1854 1747 1865 -
1927 1863 1932 1876 .

814 1952 884 2033 93.
945 1917 1152 2035 Quoniam
1181 1917 1285 2003 inter
1316 1916 1471 2003 infinite
1500 1946 1656 2035 parva,
1696 1910 1971 2019 srysecundum
1993 1914 2120 2003 ‘ratio‘

695 2068 787 2127 nem
815 2038 1097 2151 geometricam
1125 2038 1229 2132 inter
1257 2034 1295 2123 se
1323 2056 1626 2153 comparantur,
1656 2034 1878 2121 maximum
1914 2036 2116 2153 deprehen·

695 2158 804 2245 ditur
832 2154 1074 2269 discrimen,
1113 2155 1173 2241 ita
1201 2184 1354 2273 quoque
1383 2156 1486 2240 inter
1516 2152 1751 2271 quantitates
1781 2152 1935 2245 infinite
1965 2184 2118 2268 magnas

695 2273 827 2361 multo
856 2274 986 2361 maior
1013 2272 1232 2359 differentia
1263 2270 1500 2385 intercursu,
1529 2302 1619 2360 etun
1646 2300 1729 2357 non
1756 2270 1885 2359 solum
1913 2271 2118 2387 geometri·

695 2424 740 2483 ce
769 2392 829 2479 sed
860 2392 982 2478 etiam
999 2393 1247 2479 arithmetice
1278 2416 1521 2509 comparatae
1545 2388 1776 2509 discrepent5
1807 2398 1977 2507 Ponatur
2007 2420 2117 2509 quan·

699 2511 792 2597 titas
818 2508 895 2634 ¹illa
921 2510 1103 2625 infinita,
1131 2524 1228 2629 'quae
1256 2540 1307 2597 ex
1331 2510 1527 2595 divisone
1567 2508 1803 2627 quantitatis¹
1838 2510 1970 2613 finitae
1997 2500 2119 2628 ape'r

701 2706 1066 2827 tnfinttnparvam
1093 2710 1166 2799 rx
1196 2708 1353 2817 oratur,
1383 2710 1518 2819 :A‚
1548 2704 1605 2793 na
1631 2706 1755 2795 nn
1785 2659 1926 2875 fi*
1945 2710 1986 2794 A
2016 2704 2116 2793 :aa
2172 2766 2180 2789 „
2301 2682 2302 2689 l

703 2983 836 3103 utique
861 2938 1091 3151 Ξ-Ξ-ΞΊΑ
1119 2942 1434 3153 813}an
1456 3012 1553 3071 eum
1583 2980 1706 3097 igitur
1735 2986 1774 3068 8<
1805 2986 1881 3067 t'rA
1897 2956 2122 3116 'fit-quanti·

698 3208 757 3267 tas
787 3181 978 3297 infinita,
1023 3183 1192 3303 seqmtut
1221 3180 1324 3271 inter
1353 3181 1587 3301 quantitates
1617 3179 1771 3268 infinite
1801 3212 1957 3295 magnas
2003 3182 2114 3267 ratio«

696 3331 793 3387 nem
817 3308 1077 3421 quameunque
1107 3302 1239 3391 locum
1279 3304 1419 3387 habere
1449 3300 1569 3421 posse.
1609 3298 1887 3417 Hincque,'s1
1929 3301 2115 3419 quantitas

697 3418 872 3508 infinita¹
894 3438 977 3541 per'
1006 3453 1213 3510 nanterum
1237 3420 1412 3523 finitum
1451 3420 1530 3509 sive
1560 3416 1857 3539 'multiplicetur
1870 3420 1994 3536 „five
2021 3416 2115 3505 divi·

696 3539 838 3651 datur,
866 3541 1041 3659 prodibit
1068 3542 1265 3657 quantitas
1297 3540 1479 3625 infinita.
1520 3544 1677 3657 Neque
1717 3568 1810 3651 ergo
1855 3541 1902 3624 de
1932 3536 2114 3657 quantita-

698 3657 802 3743 tibus
832 3655 999 3743 infinitis
1028 3660 1160 3769 negari
1190 3660 1341 3776 potest,
1371 3688 1430 3745 eas
1460 3657 1622 3745 ulterius
1652 3657 1782 3769 augeri
1811 3656 1940 3777 posse.
1990 3650 2115 3743 Facile

697 3798 829 3861 autem
868 3772 1129 3894 perspicitur,
1167 3777 1197 3861 st
1227 3776 1331 3861 ratio
1359 3776 1624 3889 geometrica,
1664 3804 1780 3893 quam
1809 3777 1902 3863 duae
1931 3774 2114 3895 quantita·

698 3918 755 3981 tes
786 3892 962 3981 infinitae
992 3893 1097 3982 inter
1126 3892 1162 3981 se
1191 3920 1362 4007 tenent,
1402 3924 1486 3981 non
1527 3892 1644 3999 suerit
1673 3893 1952 4011 aequalitatis,
1987 3892 2114 4008 multo

698 4013 828 4097 atinus
873 4042 1005 4097 earum
1048 4014 1246 4101 rationem
1290 4013 1585 4100 arithmeticam
1613 4012 1858 4129 aequalitatis
1889 4014 1960 4099 elle
1990 4010 2119 4131 P0ffsn'

699 4158 790 4215 cum
818 4130 950 4247 potius
971 4160 1111 4219 earum
1138 4132 1356 4219 differentia
1386 4131 1532 4252 semper
1562 4132 1610 4217 stt
1639 4130 1794 4217 infinite
1824 4161 1990 4247 magna.
2021 4171 2025 4177 ·
2114 4164 2118 4175 ·

820 4276 889 4355 94
951 4252 1220 4366 Quantumvis
1249 4276 1381 4337 autem
1410 4250 1609 4339 nonnullis
1639 4250 1723 4363 idea
1752 4248 1930 4365 infiniti,
1975 4246 2115 4369 quain

699 4366 873 4455 Mathest
921 4368 1113 4482 utimur,
1157 4368 1323 4489 suspesla
1368 4370 1587 4482 videatur,
1632 4369 1699 4484 qui
1745 4366 1844 4457 hanc
1882 4374 1936 4457 ob
1974 4366 2066 4457 caus
2075 4464 2077 4471 ,

701 4483 897 4596 Analysm
944 4486 1191 4574 infinitorum
1238 4489 1517 4607 profligandam
1563 4486 1798 4573 arbitrantur
1829 4520 1866 4603 5¹
1891 4478 2019 4575 tamen
2050 4488 2118 4571 hac

701 4604 787 4689 idea
825 4634 873 4689 ne
912 4603 955 4689 in
995 4607 1166 4724 partibus
1191 4607 1352 4723 quidem
1385 4605 1605 4695 Matheseos
1636 4604 1856 4695 trivialibus
1885 4636 2010 4695 carere
2042 4600 2117 4725 pos·

703 4720 855 4809 sumus.
916 4730 964 4808 ln
995 4724 1264 4811 Arithmetica
1292 4724 1436 4838 enim,
1476 4726 1543 4813 ubi
1573 4722 1750 4841 doclrina
1789 4724 2118 4839 logarithmorum

704 4839 805 4929 tradi
837 4838 933 4931 solet
949 4862 972 4955 ‚·
993 4840 1254 4955 logarithmus
1283 4844 1454 4965 cyphrae
1482 4848 1522 4956 ὃς
1551 4830 1751 4960 negativus
1781 4848 1819 4929 8<
1849 4840 2003 4931 infinite
2042 4870 2117 4929 ma·

1340 5022 1344 5029 ·
1967 4993 2061 5079 gnus
