4909 6334
877 766 990 848 uA
1011 768 1119 844 Fu
1146 763 1187 843 T
1248 765 1349 847 th
1690 794 1770 875 179

429 962 433 969 ’
498 992 500 999 ·
539 950 633 1025 261.
680 938 1033 1053 Quemadmodum.
1066 936 1236 1023 formula
1275 936 1624 1050 deddy-dyddx
1654 938 1833 1027 valorem

417 1058 543 1145 fixum
572 1060 710 1145 habere
740 1055 1006 1166 ostensa.est.,.
1023 1055 1078 1139 ita
1108 1084 1258 1172 quoque
1287 1056 1315 1137 st
1347 1052 1462 1138 tertia
1491 1054 1689 1140 variabilis
1720 1091 1747 1140 z
1772 1088 1831 1143 ae·

415 1178 549 1289 oedat;
595 1176 666 1261 hae
711 1172 923 1261 formulae
941 1174 1298 1261 duddz-dzddx
1327 1174 1369 1255 &
1396 1172 1738 1286 dyddz-dzddy
1765 1205 1831 1263 va.-

415 1290 515 1381 lores
558 1293 661 1379 fixos
703 1290 1061 1379 habebunt..Hinc
1092 1290 1372 1407 expressiones,
1400 1318 1491 1405 quas
1522 1314 1597 1373 troc
1626 1291 1831 1379 variabiles·

396 1442 474 1521 at,
501 1444 557 1521 y,
587 1413 628 1491 8(
657 1440 693 1489 z.
712 1406 956 1518 involvunt,
997 1409 1028 1491 st
1071 1408 1113 1494 in
1158 1406 1213 1493 eis
1242 1407 1350 1495 nulla
1377 1407 1455 1493 alia
1482 1406 1751 1493 differentialia
1780 1408 1831 1495 su

410 1528 530 1628 cunda
559 1551 790 1635 occurrant,
820 1552 969 1643 praeter
999 1528 1091 1613 haec
1120 1528 1326 1637 assignata,
1357 1549 1442 1611 tum
1472 1525 1629 1640 perinde
1659 1552 1771 1613 erunt
1788 1528 1830 1613 fi-

411 1673 511 1754 xae,
541 1675 583 1731 ae
614 1642 641 1727 si
672 1642 778 1764 nulla
806 1644 932 1761 plane.
949 1643 1233 1733 differentiaiia.
1251 1642 1418 1732 secunda,
1435 1643 1708 1729 ineffent..lta
1737 1644 1831 1733 naec

411 1764 622 1879 expreffioe

887 1926 1148 2045 tendor
1175 1902 1382 2039 wad?

515 2043 1723 2189 manem
1762 2157 1767 2168 ,

408 2281 488 2336 non
513 2219 765 2335 obstantibits.
782 2245 1097 2335 differentialibus
1143 2244 1338 2357 secundis,
1368 2248 1448 2331 fixa
1476 2249 1613 2358 gaudet
1643 2250 1828 2361 significa·-

408 2368 518 2453 tione
530 2366 783 2484 '..Similique
814 2369 931 2453 modo
961 2361 1151 2449 formulae
1181 2363 1363 2449 exhiberi
1395 2363 1577 2481 poffunt,
1606 2364 1733 2483 plures
1764 2400 1828 2453 va·

373 2485 560 2571 -riabiles
604 2486 845 2571 continentes
861 2552 890 2597 ‚„
904 2485 946 2569 in
991 2481 1127 2598 quibus
1156 2480 1428 2567 differentialia
1458 2481 1722 2569 secundanon
1754 2485 1826 2571 im

405 2603 564 2723 pediunt
580 2670 607 2715 ‚.
622 2604 827 2720 quominus
857 2632 988 2688 earurn
1018 2594 1246 2711 significatio
1276 2601 1326 2685 stt
1356 2600 1472 2687 fixam

492 2732 496 2745 '
528 2731 623 2807 262.
685 2722 871 2839 Exceptis
902 2750 994 2833 ergo
1026 2718 1153 2803 huius.
1180 2719 1328 2831 generis
1358 2718 1538 2808 formulis
1554 2750 1691 2837 ‚quae
1719 2722 1825 2807 diffea

330 2832 349 2846 ”
403 2838 587 2923 rentialia
631 2840 787 2927 secunda
831 2838 1177 2955 compleduntur„
1217 2836 1386 2953 reliquae
1417 2867 1551 2923 omnes
1582 2839 1844 2950 fignificatio--

403 2987 468 3041 nes
501 2958 693 3041 habebunt
723 2986 863 3068 uagas,
894 2986 1013 3073 neque
1045 2979 1253 3071 propterea
1277 2956 1319 3039 in
1349 2954 1501 3041 calculo
1528 2954 1659 3041 iocum
1689 2959 1845 3043 habere·

404 3071 587 3189 poffunt‚
632 3076 709 3159 niti'
733 3074 940 3191 quodpiam
969 3070 1221 3159 differentiale
1261 3074 1436 3190 primum
1464 3072 1695 3186 definiatur,
1725 3081 1827 3193 quod

402 3190 574 3277 constans
620 3192 668 3276 sit
714 3192 940 3281 affumtum.
971 3190 1115 3278 Statim
1155 3218 1250 3274 vero
1281 3216 1395 3309 atque
1424 3189 1679 3279 differentiale
1708 3197 1841 3310 quod·-

400 3308 507 3425 piam
539 3310 712 3425 primum
740 3310 912 3395 constans
941 3308 1163 3413 adsumitur,
1194 3336 1329 3393 omnes
1358 3310 1620 3423 expreffiones‘
1637 3337 1822 3427 quotcun-

399 3454 473 3539 que
505 3426 713 3513 variabiles,
737 3424 992 3533 contineant,
1022 3426 1060 3507 8(
1100 3422 1363 3540 cuiuscunque
1379 3424 1826 3541 ordinisrdifferentialia

399 3540 485 3659 post
531 3542 703 3657 primum
747 3542 879 3629 ineas
928 3540 1221 3657 ingrediuntur,
1253 3542 1352 3628 fixas
1380 3540 1611 3627 obtinebunt
1641 3542 1840 3657 significa·-

401 3658 555 3769 tioneS‚
587 3690 716 3778 neque·
736 3658 901 3777 amplius
932 3691 981 3745 ex
1011 3658 1159 3745 calculo
1191 3657 1473 3747 excluduntur.
1502 3658 1544 3749 Si
1575 3660 1680 3746 enim
1711 3666 1823 3753 verbi
1919 3662 1925 3677 '

386 3777 523 3888 'gratia
552 3779 609 3865 dx
640 3776 845 3865 assumtum
874 3778 921 3863 stt
951 3777 1143 3887 constans,
1173 3774 1287 3895 ipfius
1316 3812 1348 3869 x
1376 3776 1647 3865 differentialia
1671 3778 1836 3868 secunda-

398 3898 436 3979 8(
470 3894 658 4010 sequentia
686 3894 910 3981 evanescunt
925 3928 942 4009 3
968 3900 1012 3983 8(
1036 3924 1277 4013 quaecunque
1306 3894 1531 3982 sanniones.
1559 3896 1838 4015 ipsiusxlocot

397 4012 632 4126 reliquarum
672 4013 921 4103 variabilium
946 4046 1004 4127 je,
1035 4046 1088 4121 tt,
1127 4016 1197 4097 &o
1228 4010 1526 4127 substituantur,
1555 4044 1686 4101 earnm
1714 4017 1821 4107 diffe-

397 4130 576 4217 rentiaiia
607 4130 760 4217 secunda
790 4164 859 4249 pet
887 4134 994 4245 ὡς’,
1025 4130 1141 4216 tertia
1171 4160 1239 4249 per
1269 4132 1376 4242 dm,
1413 4135 1483 4219 &o
1513 4133 1821 4225 determinabun·

398 4273 462 4333 tur
477 4315 500 4361 ,A
521 4248 642 4365 sieque
673 4248 925 4337 inconstantia
955 4280 976 4335 a
1007 4248 1324 4337 differentialibus
1354 4244 1522 4337 secundis
1552 4252 1719 4340 oriunda-
1745 4254 1819 4341 tol-

396 4362 513 4451 litur.
559 4370 665 4453 Idem
712 4369 872 4479 evenit,
917 4367 944 4451 st
990 4366 1088 4453 alius
1114 4366 1333 4459 ,variabilis
1373 4365 1433 4454 seu
1463 4366 1673 4457 sunffionis
1701 4372 1820 4463 cuius·
1872 4450 1876 4459 ,

382 4514 541 4603 ,cunque
572 4484 825 4571 differentiale
855 4484 1029 4603 primum
1057 4484 1229 4571 constane
1259 4513 1444 4605 ponatur.

305 4607 307 4613 '
518 4611 574 4687 26
580 4634 613 4715 3,
677 4609 741 4691 Ex
790 4603 852 4689 his
899 4602 1019 4717 igitur
1050 4602 1237 4719 ,sequitur
1277 4602 1548 4691 differentialia
1588 4605 1743 4695 secunda
1772 4613 1813 4694 8(

396 4716 582 4809 altiorum
613 4722 793 4807 ordinum
823 4750 955 4811 reuera
986 4751 1179 4837 nunquam
1209 4722 1252 4807 in
1281 4719 1479 4811 calculum¹
1502 4724 1673 4839 ingredi,
1701 4750 1815 4839 atque

394 4836 447 4922 ob
492 4867 634 4955 vagam·
674 4838 1001 4956 fignificationem.
1041 4839 1190 4956 prorsus
1234 4842 1281 4929 ad
1325 4840 1518 4955 Aoalystn
1563 4842 1633 4929 effe
1663 4841 1814 4957 inepta.

1011 4961 1110 5047 Za
1622 4963 1764 5077 Quen·
