4909 6334
883 720 1219 839 {CAPUT
1278 726 1342 810 IV.
1709 728 1763 835 89

529 932 622 1018 130.
651 902 886 1023 Quanquam
913 929 1046 991 autem
1074 901 1177 989 ratio
1206 894 1450 1021 aequalitatis
1477 903 1530 989 est
1545 902 1819 1023 srmplicissrma

373 1068 378 1077 ·
402 1045 517 1140 atque
545 1022 756 1226 aptissima,
785 1052 881 1141 quae
909 1020 1096 1107 continuo
1126 1020 1240 1140 ipsius
1270 1057 1294 1105 a
1324 1021 1570 1107 incrementis
1602 1024 1816 1137 tribuatur,

401 1164 533 1227 tamen
597 1166 775 1259 equenter
804 1140 959 1228 evenire
989 1136 1113 1251 solet,
1142 1166 1186 1225 ut
1217 1168 1299 1227 non
1327 1138 1406 1225 eius
1436 1140 1664 1257 quantitatis
1693 1143 1816 1227 varia·

399 1256 491 1345 bilis
520 1294 571 1371 a,
609 1260 716 1347 cuius
738 1290 768 1375 y
799 1258 851 1345 est
880 1256 1059 1373 sunnio,
1087 1258 1326 1345 incrementa
1354 1258 1525 1375 aequalia
1553 1258 1815 1375 alsumantur‚

395 1373 458 1463 sed
494 1375 594 1465 alius
621 1375 834 1495 cuiuspiam
861 1376 1118 1495 quantitatis,
1147 1375 1254 1463 cuius
1284 1374 1363 1497 ipsa
1392 1414 1419 1461 a
1445 1375 1492 1461 snt
1523 1372 1674 1463 sunslio
1701 1408 1812 1495 quae-

393 1492 508 1583 dam.
552 1495 668 1612 Quin
697 1494 819 1583 etiam
847 1493 952 1615 saepe
980 1492 1167 1581 eiusmodi
1195 1494 1294 1581 alius
1324 1494 1551 1613 quantitatis
1580 1496 1811 1583 differentia·

391 1610 447 1697 lia
471 1610 601 1731 prima
613 1612 829 1701 statuuntur
855 1612 1057 1731 aequalia,
1085 1611 1191 1699 cuius
1220 1642 1271 1698 ne
1297 1612 1425 1697 uidem
1455 1613 1597 1699 relatio
1620 1616 1666 1699 ad
1683 1646 1810 1703 acon·

368 1728 491 1815 sset.
535 1731 666 1817 Priori
704 1728 786 1819 casu
816 1734 1033 1850 pendebunt
1060 1642 1334 1815 differentialia
1364 1728 1520 1817 secunda
1549 1736 1587 1817 8(
1618 1732 1810 1853 sequentia

368 1844 507 1965 -ipsrus
535 1878 610 1961 aa
637 1848 818 1963 ratione,
846 1878 963 1968 quam
992 1884 1016 1935 a
1046 1873 1151 1936 tenet
1180 1850 1230 1937 ad
1258 1845 1371 1935 illam
1399 1850 1684 1969 quantitatem,
1713 1880 1808 1969 quae

368 1966 641 2085 aequabiliter
667 1966 828 2056 crescere
857 1967 1046 2088 ponitur,
1075 1996 1126 2055 ex
1157 1996 1273 2085 eaque
1302 1966 1386 2086 pari
1415 1972 1534 2055 modo
1564 1968 1716 2055 definiri
1744 1972 1807 2057 de-

367 2084 509 2197 ·bent,
552 2116 630 2205 quo
676 2086 743 2175 hic
771 2084 1045 2174 differentialia
1074 2084 1232 2173 secunda
1260 2084 1375 2205 ipsius
1395 2117 1432 2202 y
1461 2114 1510 2173 ex
1538 2088 1805 2175 differentiali-

385 2200 454 2291 bus
483 2202 597 2323 ipsus
627 2240 651 2291 a
678 2204 839 2293 definire
866 2204 1095 2293 docuimus.
1126 2202 1338 2291 Posteriori
1368 2206 1499 2292 autein
1527 2204 1610 2293 casu
1626 2207 1803 2295 disseren-

385 2319 496 2407 tialia
523 2322 681 2411 laurada
709 2328 749 2410 &
778 2322 973 2441 sequentia
1001 2322 1116 2443 ipsius
1146 2356 1174 2406 a
1199 2316 1385 2442 tanquam
1400 2323 1600 2437 incognita
1618 2325 1801 2442 speslari‚
1881 2416 1895 2439 ⁸

369 2466 593 2561 ,eorumque
624 2440 714 2529 loco
744 2440 851 2557 signa
879 2444 985 2555 dds,
1014 2444 1057 2527 dl
1077 2442 1203 2551 ηδ*
1219 2476 1272 2553 a,
1293 2442 1365 2526 dte.
1396 2440 1566 2561 usurpari
1582 2443 1798 2531 debebunt.

505 2590 599 2673 131.
660 2564 768 2647 Cum
811 2585 972 2673 autem,
1009 2556 1334 2679 quemadmodum
1364 2558 1429 2644 his
1456 2562 1596 2647 casibus
1623 2560 1800 2647 differen-

377 2673 562 2766 tiationes
607 2678 771 2795 singulas
799 2676 949 2767 absolvi
980 2702 1188 2799 oporteat,
1216 2676 1319 2765 insra
1349 2675 1462 2767 sulius
1493 2680 1606 2766 fimus
1638 2680 1799 2767 ostensu-

375 2792 443 2907 ri,
487 2794 554 2885 hic
594 2828 795 2918 pergamus
830 2796 1100 3001 ,quantitatem
1124 2796 1356 2883 variabilem
1386 2832 1411 2883 a
1440 2825 1621 2917 tanquam
1651 2796 1800 2883 unifor-

372 2910 495 2997 miter
538 2916 767 3005 crescentem
806 2944 1017 3029 aumere,
1059 2915 1117 3004 ita
1161 2939 1206 3001 ut
1250 2914 1331 3003 eius
1368 2914 1640 3003 differentialia
1671 2916 1798 3034 prima

373 3030 465 3141 da,
508 3034 587 3119 δεῖ
612 3101 626 3145 ,
654 3034 782 3145 dan,
811 3036 883 3123 &c
928 3032 1032 3121 inter
1061 3032 1100 3119 se
1128 3032 1263 3119 omnia
1290 3034 1490 3153 aequalia,
1520 3064 1562 3120 ac
1593 3060 1795 3151 propterea

371 3148 643 3238 differentialia
670 3146 838 3241 ¹sectanda
881 3182 925 3239 ac
955 3145 1149 3270 sequen'tia
1193 3150 1325 3237 nihilo
1356 3154 1527 3271 aequalia
1556 3150 1797 3265 statuantur,

371 3296 467 3384 quae
494 3269 668 3358 conditio
698 3266 755 3356 ita
784 3268 978 3363 enunciari
1010 3266 1107 3357 solei
1135 3294 1181 3355 ut
1209 3268 1464 3357 differentiale
1494 3270 1607 3389 ipsius
1632 3307 1655 3355 a
1685 3298 1790 3355 nem·

369 3414 418 3505 pa
457 3388 508 3473 da
536 3389 707 3477 constans
736 3379 879 3476 assumi
900 3390 1074 3475 dicatur.
1104 3386 1166 3475 Sit
1194 3386 1330 3474 deinde
1351 3420 1383 3504 y
1413 3387 1563 3475 sonatio
1593 3416 1790 3505 quaecum·
1821 3458 1825 3466 .

368 3532 443 3621 que
473 3504 588 3623 ipsius
617 3543 668 3621 a,
697 3537 792 3626 quae
822 3537 911 3595 cum
967 3536 1008 3594 er
1039 3542 1062 3591 a
1091 3492 1131 3590 8<
1159 3505 1371 3593 constantes
1400 3505 1628 3619 definiatur,
1667 3506 1789 3615 sangu-

366 3616 407 3707 la
450 3635 603 3743 quoque
648 3626 728 3712 eius
757 3624 1029 3711 differentialia
1060 3622 1215 3743 prima,
1246 3622 1429 3737 secunda,
1458 3622 1602 3735 tertia,
1633 3649 1790 3741 quarta,

367 3741 439 3828 &o
468 3772 562 3861 quae
594 3742 656 3831 his
688 3743 808 3857 signis
831 3742 1050 3833 indicantur
1079 3742 1157 3857 dy,
1187 3744 1294 3855 ddy,
1324 3746 1436 3858 dl‘y,
1467 3744 1580 3857 my,
1610 3744 1687 3829 &ci
1723 3745 1800 3859 per'·

366 3862 391 3943 ’κ
434 3860 474 3945 8(
518 3865 570 3949 dx
614 3862 785 3981 exprimi
815 3886 1025 3983 poterunt.
1055 3859 1212 3951 Scilicet
1244 3856 1271 3943 fi
1303 3858 1397 3979 iny
1428 3860 1518 3947 loco
1550 3897 1573 3943 a
1602 3855 1789 3947 scribatur'

365 3976 532 4091 sel-dx,
570 3984 618 4067 ab
649 3984 801 4100 hocque
830 3981 964 4069 valore
994 3978 1103 4099 prior
1134 3976 1406 4093 subtrahatur,
1436 3978 1649 4065 remanebit
1679 3964 1791 4063 disse-⁴

363 4096 527 4183 'rentiale
557 4099 730 4218 primum
760 4102 831 4205 dy:
860 4100 903 4187 in
934 4129 1011 4217 quo
1042 4096 1069 4180 st
1102 4103 1219 4215 porro
1252 4094 1342 4184 loco
1372 4133 1397 4195 ‚a
1428 4094 1593 4215 ponatu'r
1622 4096 1786 4213 x-l-dx,
1839 4130 1846 4135 ·

361 4215 537 4332 prodibit
582 4221 692 4333 dy1,
731 4219 879 4337 eritque
909 4218 1133 4323 depr-dn
1158 4214 1306 4330 «ἄν,
1336 4214 1455 4303 simili
1488 4216 1607 4303 modo
1638 4223 1784 4335 ponem

303 4346 310 4364 ’
361 4334 412 4419 do
458 4335 601 4435 tel-dx
630 4334 719 4424 loco
750 4372 803 4451 a,
829 4366 880 4424 ex
911 4338 987 4449 ddy
1018 4332 1187 4421 nascetur
1210 4331 1341 4449 δάν,
1371 4364 1485 4452 atque
1515 4336 1610 4439 dd7¹
1637 4374 1693 4395 -
1711 4332 1787 4448 ddy

360 4450 467 4538 dabit
496 4450 539 4535 d3
549 4487 580 4571 y
609 4458 649 4541 8<
694 4455 751 4541 ita
790 4486 937 4575 porro:
967 4450 1175 4573 inquibus
1205 4454 1496 4573 operationibus
1525 4450 1784 4539 disserentiale

359 4568 411 4655 da
438 4596 625 4690 perpetuo
671 4600 855 4693 tanquam
892 4570 1087 4693 quantitas
1115 4572 1298 4661 constans
1319 4570 1543 4694 speslatur,
1570 4598 1665 4690 quae
1680 4568 1780 4659 'nulss
1821 4580 1828 4597 ‘

361 4687 446 4775 lum
473 4687 730 4799 differentiale
761 4690 950 4812 recipiat.
1078 4704 1143 4800 ¹,
1185 4706 1225 4791 ‚'
1261 4704 1268 4713 '
1319 4704 1325 4711 '
1474 4698 1479 4709 '
1519 4691 1522 4699 ‘
1660 4693 1666 4705 “

369 4844 372 4851 ·
482 4840 575 4922 132.
637 4817 702 4897 Ex
748 4810 927 4922 ratione,
965 4840 1040 4929 qua
1083 4808 1287 4920 sunslio-'y
1319 4842 1386 4931 per
1416 4848 1439 4897 a
1467 4808 1777 4915 determinatur,

357 4944 441 5015 tam
483 4956 558 5051 ope
596 4930 777 5020 methodi
805 4928 1109 5020 differentiarum
1139 4929 1369 5045 finitarum,
1399 4961 1516 5051 quarn
1546 4924 1679 5015 multo
1712 4950 1779 5009 ex-

1645 5070 1712 5223 ‚pe-
