4909 6334
848 770 1021 859 C'AP
1052 776 1093 855 U
1119 771 1176 853 T·
1220 766 1294 855 IX?
1402 766 1408 776 ¹
1649 806 1744 893 203¹

361 948 542 1069 poterit..
563 958 632 1039 Ex
661 946 887 1073 aequatione
916 952 1023 1039 enim
1053 948 1161 1035 inter
1184 982 1211 1033 e
1237 950 1284 1031 8(-
1298 986 1331 1067 y
1360 944 1556 1068 proposita
1593 981 1797 1071 quaeratur

362 1070 475 1157 valor
504 1108 550 1187 a,
578 1098 624 1160 ut
654 1072 708 1158 stt.
732 1078 870 1158 κει-..Υ
899 1072 1108 1158 denotante
1138 1072 1175 1155 Y
1206 1064 1450 1157 sanationem
1477 1066 1592 1185 ipfius
1613 1106 1671 1187 y,
1700 1076 1808 1164 erit«-

360 1218 437 1307 que
490 1195 680 1281 dede
694 1257 708 1303 ,
752 1194 792 1277 dt
837 1188 965 1277 sumto
1012 1192 1062 1277 de
1106 1188 1331 1301 constante,
1378 1188 1448 1275 fiet
1491 1188 1790 1282 differentiando

359 1313 579 1399 ozddY.
624 1311 692 1399 Sin
737 1334 869 1397 autem
914 1309 1033 1402 fuerit
1077 1310 1470 1416 xa†ax†b=.Y,
1500 1306 1568 1397 fiet
1598 1336 1658 1397 ter
1686 1314 1808 1401 diffe-

360 1428 563 1515 rentiando
594 1431 826 1545 o=d³Y,
856 1429 1103 1551 &aequatio
1134 1428 1631 1531 x³†axx.†bx†e·-=Y
1660 1459 1797 1550 quater.

359 1547 618 1635 differentiata
647 1548 711 1635 dat
742 1554 895 1639 ozd⁴
911 1558 969 1638 Y.
1002 1557 1239 1669 Quanquam
1268 1576 1401 1637 autern
1430 1546 1473 1631 in
1503 1545 1567 1632 his
1597 1552 1793 1667 aequatio·

359 1665 473 1755 nibus
519 1698 594 1755 una
641 1692 808 1756 tantum*
841 1668 1042 1757 variabilis
1091 1668 1204 1755 inesse
1245 1668 1430 1783 videtur,
1459 1696 1556 1783 quae
1585 1698 1801 1788 propterea

359 1778 562 1877 uariabilis‘
605 1788 675 1875 effe
720 1788 903 1903 cellares,
948 1792 1055 1877 dum.
1072 1788 1185 1875 unica
1216 1788 1417 1875 variabilis
1445 1784 1488 1873 in
1519 1788 1629 1895 nulla
1658 1818 1792 1909 aequa.

359 1902 471 1992 tione
515 1908 649 1997 adeffe
680 1910 833 2027 patest3
877 1936 1010 1995 tantan
1053 1908 1146 2025 quia
1174 1906 1431 1996 differentiale
1460 1910 1511 1993 dn
1537 1908 1710 1996 constans
1740 1908 1805 1996 est‘.

361 2022 596 2140 assumtum,
641 2026 792 2147 eiusque
835 2029 946 2114 ratio.
983 2028 1039 2113 in¹
1066 2026 1295 2145 aequatione
1325 2026 1461 2114 haberi
1489 2024 1632 2140 debet,
1661 2057 1808 2115 revera-2

357 2141 406 2230 in
450 2148 729 2263 aequationem.
766 2148 916 2263 ingredi
956 2146 1184 2235 censendum
1212 2146 1293 2233 est.
1323 2149 1432 2235 Hinc
1461 2142 1684 2235 mirandum
1713 2176 1807 2234 uon⁸

360 2261 443 2376 est,
475 2264 503 2347 fi
550 2265 693 2387 saepius
722 2268 968 2385 aequationes
998 2265 1270 2353 differentiales
1301 2264 1451 2353 secundi
1480 2261 1682 2351 altiorisve
1710 2296 1808 2380 gra·-

355 2381 429 2471 dus
460 2412 690 2500 occurrant,
718 2387 760 2473 in
792 2386 927 2505 quibus
948 2387 1059 2473 unica
1076 2384 1447 2471 tantumvariabilis
1462 2380 1809 2473 ineffevideatur„

486 2534 582 2612 292.
644 2504 774 2595 Praeci
804 2536 850 2594 ue
881 2534 1025 2593 autem..
1042 2506 1257 2591 notandum
1287 2504 1368 2615 ell,
1398 2534 1468 2622 per
1494 2502 1805 2593 differentiam·-

358 2650 455 2709 nem
499 2622 734 2741 quantitates
780 2625 1024 2713 urationales
1068 2656 1111 2712 ac
1153 2621 1456 2711 transcendentes
1484 2654 1535 2713 ex
1564 2620 1808 2741 aequatione:

357 2738 458 2827 tolli
504 2744 634 2863 polle.
681 2746 803 2865 Quod
850 2746 1006 2881 quidem
1051 2747 1098 2833 ad
1129 2742 1375 2831 irrationales
1404 2742 1578 2854 attinet,
1608 2734 1795 2861 quoniam

230 2930 235 2941 .
360 2888 432 2987 per
476 2865 727 2955 redudliones.
759 2893 934 2981 cognitas
978 2862 1263 2951 irrationalitas
1281 2958 1286 2965 ,
1302 2862 1500 2950 eliminari
1531 2862 1684 2982 potest,
1715 2860 1792 2946 hoc

363 2977 498 3092 ladio,
528 3014 595 3101 per
640 2984 1020 3073 differentiationem·
1039 2982 1217 3101 aequatio
1248 2981 1449 3072 obtinetur
1476 2986 1525 3067 ab
1556 2978 1805 3065 irrationali·-

365 3120 447 3183 tate
493 3099 654 3189 libera.
674 3110 826 3192 Verum
856 3106 940 3191 hoc.
965 3104 1232 3223 saepenumero
1262 3100 1505 3189 commodius
1534 3100 1611 3185 stne
1640 3098 1710 3183 ista
1739 3126 1809 3184 re·-

363 3214 546 3307 dudlione
590 3220 675 3309 fieri
721 3222 875 3343 potest,
918 3224 1012 3309 dum
1058 3252 1124 3339 per
1169 3220 1505 3339 comparationem
1549 3215 1793 3337 aequationis

364 3333 632 3428 differentialis
677 3371 768 3428 cum
815 3340 927 3425 finita
970 3338 1139 3423 formula
1184 3336 1446 3449 irrationalis,
1476 3337 1504 3422 fi
1535 3366 1610 3425 una
1640 3362 1793 3421 tantum

363 3444 486 3566 infit,
530 3446 726 3541 eliminari
773 3456 932 3573 potest.⁴
959 3456 1027 3543 Sin
1058 3478 1188 3539 autem
1217 3454 1312 3539 duae
1341 3454 1516 3572 pluresve
1546 3479 1669 3572 partes
1699 3453 1793 3538 irra-

366 3568 534 3659 tionales
564 3572 607 3661 in
651 3574 881 3692 aequatione
912 3574 1025 3659 finita
1053 3572 1356 3684 contineantur,
1387 3598 1485 3659 tum·
1503 3573 1584 3661 eius
1613 3570 1795 3689 aequatio

366 3690 633 3780 differentialis
679 3695 817 3781 denuo.
849 3692 1160 3805 differentietur,
1190 3691 1315 3809 lacque
1344 3693 1588 3809 aequationes
1617 3691 1795 3778 differen-

370 3809 481 3897 tiales
510 3812 700 3899 altiorum
744 3812 931 3927 graduum
963 3838 1025 3898 tot
1055 3840 1312 3930 quaerantur,
1341 3838 1438 3928 quot
1468 3812 1726 3931 requiruntur.
1746 3811 1806 3900 ad

368 3926 531 4044 lingulas
569 3959 695 4051 partes
723 3930 968 4021 irrationales
998 3930 1284 4017 eliminandas..
1303 3936 1400 4019 Hoc
1425 3934 1546 4018 modo
1575 3931 1704 4019 etiam
1726 3961 1794 4015 ex·

369 4076 555 4253 ponentes
594 4050 790 4141 indefiniti
830 4052 977 4174 pariter
1007 4076 1121 4168 atque
1151 4049 1262 4136 sratli
1295 4049 1388 4135 tolli
1418 4070 1624 4170 poteruntss
1656 4048 1735 4137 Uti
1766 4048 1805 4131 st»

389 4192 469 4255 ΝΠ

470 4194 487 4254 t
539 4188 604 4298 y?
619 4204 690 4253 a
707 4168 775 4287 (aa
794 4168 1022 4287 -xx)’·,
1104 4168 1160 4255 ost
1189 4168 1560 4258 differentiationem
1589 4167 1800 4257 habebitur

613 4200 1557 4429 ηομ-Ἀγε-ιηῖαα-ᾒ.κκ)”““κᾰκ,

371 4512 466 4605 quac
496 4514 564 4606 per
591 4486 746 4578 finitam
774 4484 916 4575 divisa·
944 4487 1010 4575 dat
1040 4410 1130 4553 w
1163 4486 1304 4567 .·.··'.t-
1325 4410 1565 4603 ffliffi,
1622 4487 1668 4579 in
1726 4516 1802 4607 qua

1325 4602 1440 4653 aa-
1456 4600 1521 4657 xx

373 4680 503 4796 nullus
538 4684 705 4808 amplius
735 4716 932 4809 exponens
961 4684 1182 4775 indefinitus
1213 4687 1403 4775 occurrit.
1434 4682 1543 4777 Hinc
1566 4664 1665 4805 ⁸ergo
1695 4706 1802 4806 patet

374 4804 645 4924 aequationem
690 4806 986 4903 differentialem
1038 4810 1103 5015 alp2
1132 4806 1245 4895 omni
1290 4806 1592 4949 irrationalitate
1628 4807 1802 4919 liberam

1097 4956 1189 5015 ¹ca
1269 4946 1281 4953 ”
1681 4954 1743 5015 or·
