4909 6334
779 676 860 765 rud
1242 662 1657 757 CAPUT'V.

651 852 841 941 volvunt.
870 850 987 939 Unde
1032 872 1139 967 patet
1178 847 1206 933 sr
1251 878 1341 937 com
1372 850 1501 965 regula
1530 846 1699 963 generali
1731 840 1798 935 hic
1826 848 1943 959 data,
1974 844 2040 935 ins
2077 922 2081 929 .

650 1002 747 1062 vero
791 968 1107 1081 demonstranda,
1151 968 1407 1085 coniungatur
1437 968 1567 1081 regula
1595 966 1879 1077 differentiendi
1910 968 2072 1087 potesta·

649 1118 730 1203 tes,
760 1116 846 1177 tum
875 1086 1057 1177 omnium
1097 1086 1263 1175 omnino
1293 1086 1541 1177 sunsiionum
1567 1086 1871 1203 adgebreimrum
1895 1086 2080 1175 differem

650 1208 762 1301 tialia
790 1206 973 1296 exhiberi
1005 1202 1127 1327 posse.

775 1354 868 1441 175.
929 1332 996 1413 Ex
1027 1324 1089 1413 his
1119 1324 1301 1433 omnibus
1332 1324 1411 1413 ianr
1440 1325 1606 1415 dilucide
1634 1324 1823 1445 sequitur,
1853 1326 1933 1439 ny
1959 1324 2076 1415 suerit

646 1444 799 1537 firnetio
843 1474 1085 1563 quaecunque
1130 1444 1245 1563 ipsrus
1275 1478 1326 1561 e,
1365 1444 1621 1534 differentiale
1660 1446 1740 1532 eius
1771 1448 1823 1557 dy
1853 1443 2079 1533 huiusmodi

649 1566 878 1653 habiturum
917 1562 988 1650 esse
1027 1561 1197 1650 sormam
1227 1566 1454 1683 dyzpdx‚
1485 1564 1526 1650 in
1566 1596 1640 1685 que
1669 1564 1782 1650 valor
1812 1564 1927 1697 ipsius
1952 1589 1981 1683 p
2011 1596 2079 1683 per

675 1711 851 1805 raecepte
889 1682 957 1769 hic
997 1682 1173 1802 exposita
1212 1680 1359 1799 semper
1398 1684 1573 1799 assignari
1603 1709 1737 1803 quent.
1769 1690 1862 1771 Erit
1894 1708 2086 1803 autemp,

647 1716 802 1891 irretio
831 1802 846 1887 i
874 1802 944 1889 srus
973 1830 1178 1921 equoque
1207 1799 1449 1916 algebraica,
1478 1832 1572 1894 cum
1599 1802 1641 1891 in
1672 1804 1752 1889 eius
1781 1800 2083 1889 determinatio*

647 1952 740 2011 nem
783 1834 912 2009 ousiae
956 1919 1054 2006 aliae
1098 1920 1345 2039 operationes
1376 1921 1685 2035 ingrediantur,
1732 1921 1801 2007 nisr
1849 1918 2085 2034 consuetaeq.

647 2041 784 2161 quibus
813 2037 1029 2126 sanniones
1058 2038 1292 2155 algebraicae
1321 2038 1515 2127 constitui>
1534 2038 1680 2129 solent.
1711 2043 1968 2131 Hencobrem
1993 2040 2021 2123 sr
2048 2075 2086 2158 y

645 2238 765 2327 {uerit
795 2234 945 2325 sunnio
974 2234 1191 2351 algebraica
1217 2236 1334 2357 ipsrus
1363 2274 1414 2353 e,
1444 2238 1520 2327 erit
1551 2268 1702 2358 quoque
1735 2162 1966 2403 ..d-:sonmo
1982 2235 2089 2353 alge·-

645 2400 774 2525 lireica
816 2432 931 2555 ipsius
975 2469 1021 2521 e.
1064 2440 1200 2553 Atque
1244 2435 1331 2521 siz
1360 2434 1479 2549 suerit
1522 2437 1643 2523 etiam
1682 2318 1832 2523 sondiio
1861 2433 2073 2548 nigebraice

645 2556 763 2675 ipsrus
790 2589 839 2668 rr,
867 2554 925 2641 ita
967 2576 1013 2639 ut
1057 2553 1106 2640 srt
1135 2556 1364 2672 dzzqu,
1395 2556 1449 2642 ob
1476 2590 1503 2672 q
1532 2552 1773 2643 funciionem
1818 2552 2082 2671 sigebraicame

644 2749 762 2873 ipsius
789 2784 853 2865 x,
879 2748 957 2837 erit
986 2694 1225 2950 quoqueg}
1253 2746 1403 2841 sturdiio
1430 2751 1644 2867 algebraica
1673 2738 1797 2873 ipsius
1816 2786 1897 2867 re„
1932 2752 2082 2873 quippe

645 3057 742 3148 quae
770 3029 824 3115 est
851 3005 961 3113 :2-
994 3034 1129 3143 Quare
1159 3026 1189 3110 fi
1218 3026 1441 3116 huiusmodi
1471 3026 1670 3117 formulae·
1698 2972 1762 3193 33
1791 3028 1841 3117 in.
1867 3032 2079 3151 expressio·

644 3252 738 3311 nem
781 3248 908 3313 cetera
951 3220 1205 3339 algebraicam
1253 3222 1561 3341 ingrediantur,
1605 3254 1671 3311 eae
1713 3253 1795 3311 non
1825 3226 2042 3345 impedient
2060 3294 2081 3339 ,,

644 3342 853 3461 quominus
897 3372 944 3429 ea
984 3344 1173 3461 expressio
1203 3340 1252 3429 s1t
1281 3344 1533 3459 algebraica,
1571 3344 1785 3437 dummodo
1808 3376 1838 3464 y
1868 3348 1912 3431 δε.
1939 3380 1965 3432 z
1997 3344 2073 3433 sue·

642 3460 727 3549 rint
756 3460 973 3549 sanniones
1001 3461 1264 3575 algebraicae.
1952 3553 1955 3561 Α

773 3589 865 3693 176.
926 3582 1145 3669 Poterimus
1189 3608 1320 3669 autem
1365 3582 1442 3670 hoc
1488 3580 1740 3670 ratiocinium
1779 3584 1986 3671 extendere
2025 3582 2075 3667 ad·

644 3698 916 3787 differentiatia
961 3696 1116 3785 secunda
1161 3704 1200 3785 8(
1241 3698 1481 3819 superiorum
1520 3702 1728 3789 ordinum.
1787 3706 1829 3791 Si
1860 3702 1966 3788 enim
1998 3732 2080 3787 ma·

645 3844 761 3905 nente
796 3854 829 3937 y
872 3816 1073 3905 sunsiione
1116 3817 1330 3933 algebraica
1374 3818 1489 3937 ipsius
1532 3852 1611 3932 x,
1655 3818 1772 3909 suerit
1818 3822 1871 3936 dy
1881 3824 2075 3939 :pdx,

645 3963 760 4053 atque
805 3938 857 4055 dp
880 3966 939 4015 =
957 3938 1043 4053 qu
1078 3969 1092 4050 ;
1135 3938 1212 4024 erit
1268 3936 1396 4025 sumto
1439 3936 1688 4027 differentiali
1733 3942 1791 4027 dx
1836 3940 2031 4027 constante
2060 4004 2079 4049 ‚J

645 4056 915 4168 ddy=qu²
949 4055 1009 4140 uti
1040 4055 1147 4175 supro
1176 4056 1372 4143 vidimus.
1435 4058 1542 4143 Cum
1572 4056 1694 4170 igitur
1724 4060 1775 4144 ob
1806 4058 1979 4144 rationes
2010 4088 2072 4141 an·

645 4196 688 4258 te
730 4169 912 4287 allegatas
956 4172 1003 4259 srt
1047 4204 1199 4293 quoque
1244 4212 1270 4291 q
1314 4172 1463 4262 sundio
1502 4174 1715 4288 algebraica
1754 4175 1868 4296 ipfius
1907 4213 1969 4289 x,
1999 4176 2072 4263 erit

647 4398 798 4486 quoque
846 4322 925 4534 {gi
955 4400 1035 4459 non
1065 4368 1189 4457 solum
1218 4368 1410 4487 quantitas
1440 4370 1579 4485 finita,
1608 4371 1665 4459 sed
1697 4373 1819 4460 etiem
1846 4372 1994 4459 sundio
2023 4370 2075 4457 al·

645 4563 820 4682 gebra'ica
849 4564 962 4681 ipsius
990 4601 1023 4657 x
1046 4636 1062 4682 ‚
1089 4568 1303 4657 dummodo
1326 4599 1356 4681 y
1386 4565 1503 4655 suerit
1548 4568 1737 4659 eiusmodi
1780 4568 1950 4659 sunnio.
2015 4570 2071 4659 Si·

517 4776 524 4783 '
645 4761 738 4853 mili
766 4761 885 4849 modo
915 4762 1198 4881 perspicietur,
1244 4763 1328 4854 fore
1357 4694 1481 4935 ἐξ
1512 4690 1593 4933 ἕΞ
1606 4834 1620 4881 ‚
1648 4757 1723 4861 &ci
1759 4766 1976 4859 sundiiones
2019 4764 2069 4903 as

2299 1495 2303 1666 t
