4909 6334
762 749 820 849 nt
1185 740 1504 823 carrus
1564 742 1630 823 m.

699 916 878 1027 etiamst,
920 940 1006 999 rem
1048 910 1297 1003 arithmetice
1342 912 1570 1037 spassando,
1599 942 1732 1003 earum
1762 906 1865 1001 ratio
1898 906 2045 1031 semper
2074 911 2124 999 fit

699 1032 967 1153 aequalitatis.
1011 1034 1119 1120 Cum
1157 1033 1280 1149 igitur
1310 1036 1412 1123 inter
1442 1036 1610 1155 cyphras
1640 1034 1744 1127 ratio
1774 1060 2036 1151 quaecumque
2065 1030 2122 1118 in-

697 1153 887 1261 tercedere
931 1150 1073 1269 possit,
1114 1154 1163 1239 ad
1207 1156 1307 1242 hanc
1350 1154 1615 1243 diversitatem
1658 1150 1900 1239 indicandam
1942 1148 2122 1237 consulto

696 1272 800 1359 varii
829 1270 1064 1359 charasleres
1092 1268 1180 1357 usur
1206 1298 1348 1389 antur3
1377 1270 1602 1409 praesertim
1633 1298 1749 1383 tum,
1778 1299 1868 1357 cum
1898 1268 2003 1355 ratio
2033 1298 2122 1383 geo·

695 1390 888 1503 mettica,
931 1418 1049 1509 quam
1093 1302 1264 1509 cypfirae
1310 1422 1438 1477 variae
1483 1392 1585 1477 inter
1626 1390 1661 1478 se
1693 1414 1855 1501 tenent,
1885 1386 1937 1473 est
1966 1386 2121 1475 investi·

697 1510 846 1625 ganda.
888 1514 936 1595 In
965 1508 1116 1597 calculo
1154 1535 1286 1597 autem
1316 1510 1470 1597 infinite
1499 1540 1712 1630 parvorum
1741 1508 1800 1595 nil
1829 1506 1934 1593 aliud
1962 1505 2119 1621 agitur,

699 1628 772 1717 nist
816 1652 862 1717 ut
891 1626 993 1713 ratio
1021 1628 1260 1743 geometrica
1287 1630 1390 1715 iuter
1419 1628 1528 1715 varia
1558 1629 1712 1715 infinite
1742 1656 1862 1747 parva
1891 1624 2119 1738 indagetur,

698 1748 801 1867 quod
846 1746 1049 1861 negotium
1077 1772 1308 1882 propterea,
1337 1746 1407 1833 nifi
1437 1746 1595 1835 diverfis
1624 1745 1739 1862 fignis
1768 1746 1815 1831 ad
1845 1775 1889 1831 ea
1908 1743 2119 1831 iudicanda

696 1892 924 1979 uteremur,
966 1865 1009 1953 in
1053 1894 1272 1953 maxunam
1302 1862 1566 1957 confusionem
1595 1864 1850 1979 illaberetur,
1880 1892 2003 1981 neque
2034 1863 2115 1951 ullo

695 1986 822 2073 modo
852 1984 1028 2102 expediri
1059 1980 1207 2103 posset.
1930 2014 1939 2025 ’

822 2105 890 2189 86.
949 2103 994 2217 Si
1037 2134 1160 2218 ergo,
1190 2103 1323 2223 prouti
1353 2104 1397 2193 in
1426 2104 1593 2217 Analyfi
1625 2104 1877 2193 infinitorum
1911 2106 2046 2191 modus
2078 2102 2117 2186 fi·

699 2222 840 2335 gnandi
870 2221 922 2306 est
951 2248 1124 2339 reoeptus
1153 2290 1168 2333 ,
1195 2224 1355 2309 denotet
1385 2226 1435 2311 dx
1464 2223 1721 2343 quantitatem
1753 2222 1909 2311 infinite
1940 2252 2119 2343 parvam,

699 2341 777 2426 erit
823 2340 956 2457 utique
987 2366 1085 2427 tam
1128 2344 1330 2457 dazo,
1390 2372 1507 2461 quam
1553 2344 1799 2453 adezo,
1844 2342 2051 2427 denotante
2097 2375 2119 2425 a

696 2459 957 2575 quantitatem
1000 2488 1279 2577 quamcumque
1324 2460 1503 2548 finitam.
1547 2466 1638 2547 Hoc
1679 2484 1807 2547 tamen
1840 2460 2119 2547 nonobstante

699 2579 777 2664 erit
816 2579 920 2664 ratio
964 2578 1202 2691 geometrica
1231 2580 1336 2664 ada
1363 2612 1372 2665 :
1398 2580 1464 2667 dx
1494 2578 1634 2692 finita,
1666 2610 1803 2697 nempe
1833 2606 1878 2667 ut
1908 2610 1968 2663 a:
2001 2580 2120 2693 13&

701 2698 802 2783 hauc
844 2698 898 2782 ob
942 2724 1027 2782 rens
1072 2696 1166 2783 haec
1202 2696 1280 2781 duo
1312 2697 1466 2784 infinite
1497 2699 1778 2817 pervadat&
1810 2700 1943 2807 ade,
1973 2696 2122 2783 etiamst

699 2814 987 2934 utrumquefit
1016 2814 1144 2926 ::'0,
1173 2813 1277 2901 inter
1307 2811 1342 2902 se
1372 2812 1555 2902 confundi
1586 2844 1664 2903 non
1679 2814 1877 3019 ¹possunt,
1907 2814 1934 2897 fi
1967 2815 2121 2932 quidem

700 2964 839 3021 eorum
883 2932 987 3019 ratio
1032 2930 1307 3047 investigetur.
1338 2932 1472 3023 Simili
1504 2936 1652 3048 modo,
1697 2934 1888 3023 rdiversa
1917 2959 2121 3021 occurrunt

700 3052 855 3139 infinite
899 3080 1018 3169 parva
1046 3052 1113 3135 de
1140 3054 1179 3134 8(
1210 3052 1306 3164 dy,
1335 3052 1484 3139 etiamst
1518 3054 1723 3187 utrumque
1755 3052 1803 3137 fit
1833 3084 1959 3164 τεο,
1991 3080 2117 3139 tamen

699 3198 838 3255 eorum
866 3168 970 3253 ratio
998 3195 1079 3253 nou
1107 3166 1279 3254 constat.
1311 3174 1444 3287 Atque
1475 3169 1517 3257 in
1546 3170 1841 3285 investigatione
1871 3172 2034 3259 rationis
2064 3173 2118 3257 in·

690 3312 762 3373 -ter
805 3286 882 3371 duo
926 3314 1096 3421 quaeque
1139 3286 1360 3393 huiusmodi
1402 3288 1557 3389 infinite
1589 3318 1707 3409 parva
1737 3289 1865 3377 omnis
1896 3290 1957 3377 vis
1986 3288 2120 3377 calculi

684 3405 966 3494 differentialis
1020 3404 1233 3493 versatur.
1289 3406 1390 3493 Usus
1443 3434 1574 3495 autem
1618 3408 1735 3496 huius
1778 3408 2118 3527 comparationis,

701 3524 853 3612 etiamst
899 3525 1030 3642 primo
1076 3524 1222 3611 intuitu
1267 3524 1476 3613 admodum
1521 3527 1682 3642 exiguus
1728 3528 1948 3641 videatur,
1994 3554 2119 3613 tamen

685 3643 954 3763 ,amplissimus
997 3644 1323 3761 deprehenditur,
1367 3671 1482 3765 atque
1509 3647 1632 3745 adhuc
1662 3644 1784 3735 indies
1813 3646 1936 3761 magis
1976 3647 2120 3733 elucet.

824 3762 891 3875 87.
954 3765 1061 3847 Cum
1090 3760 1213 3875 igitur
1242 3761 1395 3849 infinite
1425 3794 1589 3881 parvum
1619 3765 1667 3851 fit
1696 3796 1828 3852 revera
1857 3765 1990 3877 nihil,
2020 3788 2123 3885 patet

699 3880 962 4001 quantitatem
1007 3878 1162 3966 finitam
1207 3910 1328 3999 neque
1366 3884 1495 3997 augeri
1528 3912 1649 4001 neque
1678 3884 1875 3998 diminui,
1905 3883 1932 3967 fi
1963 3884 2120 3971 adeun

699 4002 858 4095 iufi'nite
879 4078 884 4085 .
903 4004 1067 4117 parvum
1109 3999 1175 4087 vel
1202 4000 1397 4088 addamus
1427 4000 1491 4092 vel
1520 4006 1568 4088 ab
1598 4032 1642 4087 ea
1671 4000 1960 4089 subtrahamus.
2007 4002 2067 4091 Sit
2098 4036 2134 4085 a.

698 4118 896 4237 quantitas
927 4118 1039 4203 finita
1066 4144 1180 4237 atque
1210 4120 1270 4203 dx
1299 4117 1454 4209 infinite
1484 4150 1645 4240 parva,
1690 4122 1765 4209 erit
1806 4144 1887 4208 tam
1928 4120 2057 4223 a÷a
2071 4154 2119 4230 a,

702 4268 820 4355 quam
849 4238 1083 4350 a-da,
1128 4240 1168 4323 8<
1212 4237 1444 4350 generaliter.
1473 4242 1826 4339 assndxza.
1886 4238 1979 4329 Sive
2019 4238 2124 4338 enim

701 4354 939 4443 relationem
982 4354 1088 4442 inter
1133 4391 1158 4439 a
1173 4364 1210 4456 ὲ
1226 4356 1296 4442 nd
1309 4390 1341 4445 x
1372 4360 1411 4443 8<
1443 4392 1464 4443 a
1495 4358 1744 4445 arithmetice
1790 4360 2009 4445 intueamur
2047 4356 2123 4441 five

631 4545 635 4551 .
702 4475 981 4588 geometrice,
1024 4501 1187 4594 utroque
1231 4472 1316 4561 casu
1356 4477 1461 4567 ratio
1506 4476 1747 4595 aequalitatis
1801 4476 2126 4597 deprehendetur.

697 4591 986 4689 Arithmetica.
1017 4593 1173 4713 quidem
1217 4592 1321 4680 ratio
1365 4594 1606 4713 aequalitatis
1651 4594 1851 4683 manifesta
1893 4595 1947 4681 est
1976 4628 2005 4711 3,
2039 4622 2124 4707 cum

703 4708 890 4799 enimsrt
936 4714 1196 4823 ndx==o,
1242 4710 1318 4799 erit
1359 4716 1810 4814 assndx—-mo
1843 4746 1853 4799 t
1891 4710 2124 4829 geometrica

898 4867 903 4876 ·
987 4889 991 4893 Δ
1387 4876 1390 4885 ’
1506 4871 1510 4877 ·
1981 4860 2066 4920 ‚ve-
