4909 6334
723 688 800 797 148
1154 686 1471 771 cArur
1531 682 1615 763 ru.

657 902 729 989 que
785 901 811 949 z
864 863 1090 949 statueretur
1143 863 1371 975 variabilis,
1426 859 1599 981 prodiret
1652 850 1908 940 differentiale
1961 850 2074 973 ipsius
2137 861 2141 876 ”

659 986 867 1075 V=rdz.
899 988 1032 1099 Quare
1061 983 1105 1065 ad
1138 981 1379 1069 sundliooem
1426 980 1545 1065 trium
1576 974 1797 1097 pluriumve
1827 975 2077 1067 variabilium

655 1102 1014 1209 dill'erentiaudam,
1061 1104 1317 1188 conlideretur
1364 1100 1517 1186 seorslm
1562 1096 1756 1214 quaelibet
1786 1094 1981 1209 quantitas
2013 1130 2075 1184 va·

657 1222 835 1331 riabilis,
866 1224 904 1305 8(
936 1216 1084 1304 [υηέὶὶο
1115 1252 1187 1337 pro
1233 1220 1407 1339 qualibet
1435 1216 1745 1325 differentietur,
1774 1215 1875 1329 quali
1909 1214 2077 1333 reliquae

658 1372 791 1430 omnes
822 1338 936 1424 client
967 1338 1207 1453 constantes3
1240 1369 1324 1427 tum
1355 1337 1501 1453 fingula
1530 1338 1624 1421 haec
1662 1332 1954 1447 dill'ereutialia,
1983 1368 2079 1452 quae

656 1494 706 1549 ex
753 1458 908 1571 singulis
954 1458 1233 1575 quantitatibus
1280 1458 1531 1544 variabilibus
1561 1454 1646 1542 sunt
1677 1453 1865 1565 inventa,
1893 1454 2079 1570 colligan-

658 1609 743 1689 tur,
774 1578 922 1695 eritque
950 1586 1198 1691 aggregatum
1228 1577 1483 1664 differentiale
1511 1574 1723 1693 quaesitum
1754 1570 1965 1659 sundlioois
1993 1604 2078 1693 pro-

661 1698 831 1821 positae.
1956 1745 1959 1762 ι

780 1841 875 1925 215.
939 1822 986 1901 In
1017 1816 1088 1900 hac
1119 1808 1278 1929 regiola,
1336 1844 1426 1901 uam
1455 1844 1528 1933 pro
1557 1810 1886 1899 differentiatione
1915 1811 2081 1899 luudlio·

658 1938 717 2025 nis
747 1960 991 2053 quotcunque
1031 1934 1280 2020 variabilium
1321 1934 1569 2045 invenimus,
1597 1931 1822 2019 continetur
1849 1933 2081 2019 demonstra·

659 2058 718 2141 tio
763 2052 914 2165 regulae
961 2050 1068 2169 supra
1114 2053 1147 2165 ἕ
1194 2084 1274 2163 170
1304 2054 1413 2138 datae
1444 2052 1660 2165 generalis,
1690 2049 1797 2135 cuius
1827 2082 1902 2169 ope
1931 2048 2083 2137 funelio

646 2170 900 2291 'quaecuuque
930 2170 1084 2255 unicam
1114 2172 1344 2257 variabilem
1373 2172 1633 2289 compledlens
1662 2168 1914 2255 differentiari
1939 2171 2087 2288 potest.

659 2294 700 2381 Si
732 2290 837 2377 enirn
869 2318 939 2407 pro
980 2288 1138 2403 singulis
1179 2290 1350 2409 partibus
1380 2291 1436 2375 ibi
1465 2292 1787 2377 commemoratis
1818 2290 1985 2375 totidem
2019 2289 2084 2373 lit·

660 2438 763 2502 terae
807 2406 976 2493 diversae
1020 2408 1293 2520 collocentur,
1337 2409 1486 2495 fuodlio
1517 2410 1678 2529 speciem
1710 2408 1843 2493 induet
1873 2406 2086 2493 suudlioois

660 2528 827 2615 toridem
873 2524 1107 2611 diversarum
1154 2529 1427 2631 variabilium,
1456 2556 1569 2646 atque
1610 2532 1704 2614 adeo
1733 2528 1853 2612 modo
1883 2528 1950 2613 hie
1980 2556 2085 2645 prae·

660 2647 802 2765 scripto
833 2646 1185 2758 differentiabirur,
1217 2646 1741 2765 succelltve'uuamquamque
1772 2672 1951 2764 partem,
1981 2646 2086 2763 quast

660 2766 740 2851 sola
780 2762 869 2849 ellat
909 2764 1136 2877 variabilis,
1168 2766 1395 2878 tradlando,
1424 2768 1631 2885 cundlaque
1660 2764 1962 2877 differentialia,
1990 2794 2087 2882 quae

660 2916 709 2971 ex
742 2882 899 2996 singulis
930 2883 1100 3001 partibus
1132 2884 1339 2997 oriuntur,
1370 2886 1411 2971 iu
1443 2916 1559 2971 unam
1590 2877 1780 2971 summam
1820 2884 2087 2971 coniiciendo:

662 3032 757 3120 quae
788 3002 934 3085 summa
974 3002 1049 3085 erit
1080 3002 1333 3087 dillerentiale
1362 3006 1602 3120 quaesitum,
1632 3004 1828 3121 postquam
1861 3032 1933 3121 pro
1963 3004 2086 3115 lingu-

663 3122 711 3205 lis
743 3118 885 3203 litteris
930 3116 1080 3203 valores
1112 3118 1255 3204 fuerint
1285 3122 1474 3209 restituti.
1519 3130 1628 3209 Haec
1659 3153 1753 3235 ergo
1782 3122 1912 3236 regula
1957 3122 2087 3209 latillr·

660 3268 725 3323 me
771 3262 905 3357 patet,
951 3260 1063 3355 atque
1104 3238 1223 3323 etiam
1254 3240 1300 3323 ad
1331 3238 1545 3328 sundliones
1588 3242 1760 3360 plurium
1806 3240 2083 3355 variabilium,

661 3356 1006 3473 quomodocunque
1052 3354 1195 3441 fuerint
1240 3387 1514 3477 comparatae,
1557 3361 1802 3447 extenditur.
1850 3361 1967 3447 Unde
2007 3360 2087 3446 eius

554 3548 557 3553 .
663 3476 746 3561 usus
792 3504 860 3593 per
906 3473 1128 3561 universum
1173 3476 1365 3563 calculum
1404 3479 1701 3565 differentialem
1731 3481 1785 3565 est
1813 3478 2086 3597 amplillrmus.

784 3600 879 3678 216.
941 3598 1107 3678 Inventa
1153 3624 1246 3707 ergo
1291 3596 1422 3709 regula
1453 3599 1652 3712 generali,
1681 3598 1788 3687 cuius
1818 3629 1892 3718 ope
1921 3596 2117 3689 sanetius

661 3742 726 3798 nes
756 3737 999 3829 quotcunque
1029 3712 1278 3799 variabilium
1309 3718 1560 3805 differentiari
1590 3718 1766 3838 poliunt,
1795 3718 1875 3806 eius
1905 3716 2085 3807 usumin

660 3828 860 3917 nonnullis
892 3829 1084 3949 exemplis
1114 3830 1311 3919 ostendisse
1341 3834 1514 3921 iuvabit.

662 3956 696 4037 I.
758 3949 799 4037 Si
830 3948 948 4033 fuerit
1011 3955 1218 4067 V=xy‚·
1278 3952 1355 4039 erit
1415 3956 1826 4073 dV=xdy†ydx.

664 4152 718 4233 11.
759 4140 949 4233 siluerit
1012 4102 1210 4261 Ἱππ-ἔς
1271 4152 1348 4237 etit
1409 4075 1821 4241 ΝΛΞ-Ψ.

1128 4264 1161 4347 y
1584 4262 1777 4351 yyy

665 4426 737 4507 Ill.
761 4420 803 4511 Si
833 4419 949 4511 suerit
1011 4383 1430 4621 νππέ-ᾟῙ
1458 4460 1472 4543 3
1595 4430 1673 4549 erit
