4909 6334
733 777 783 850 vt

678 899 999 1038 typographicae
1023 893 1192 998 errores
1247 923 1484 1022 corruptos
1516 933 1712 1001 numeros
1750 897 1930 1000 vitiatos
1968 901 2119 998 calcu·

678 1077 748 1172 los
779 1072 1002 1206 ambiguos
1035 1101 1222 1178 sensns,
1253 1097 1302 1166 ut
1317 1063 1455 1188 ferre
1488 1101 1626 1196 aequo
1658 1067 1800 1164 animo
1832 1063 1953 1162 ltcud
1971 1057 2122 1188 prffim

681 1231 989 1332 Berolirzertsis
1026 1227 1322 1362 Typoarapbi
1346 1229 1657 1329 simulationem
1695 1228 1834 1324 dicem
1873 1258 1931 1318 an
1963 1224 2125 1320 leuita-

637 1427 642 1438 '
682 1409 798 1500 tem?
838 1397 913 1528 qui
939 1395 1041 1498 bina
1068 1421 1239 1490 tautum
1266 1423 1441 1503 errato,
1472 1427 1607 1522 eaque
1636 1391 1853 1489 levissima
1891 1385 2128 1486 entendan·

683 1564 742 1658 da
772 1559 1028 1682 proposuit:
1071 1561 1262 1680 Μέμνησο
1294 1565 1520 1662 c'mersc’s.
1559 1549 1769 1652 Corneliis
1795 1549 2130 1671 typothetarum

685 1723 850 1820 mendis
879 1723 1087 1847 reliquum
1114 1749 1251 1833 erat,
1288 1749 1338 1818 ut
1368 1720 1597 1840 depretia
1625 1749 1680 1812 ac
1708 1713 1995 1834 praestantia
2022 1705 2128 1806 ltnic

685 1885 877 1984 editioni
893 1913 1007 2004 pree
1047 1885 1334 1982 antecedenti
1359 1881 1656 2002 comparanda
1683 1875 1961 2010 cogitarem,
1997 1891 2123 1969 'eam-

688 2083 769 2178 que
801 2047 926 2144 novis
957 2047 1202 2175 quibusdam
1228 2042 1541 2144 additamentis
1581 2041 1931 2163 locupletarent.
1974 2031 2138 2166 Igitur

688 2207 903 2338 elegans,
931 2205 979 2312 er
1002 2241 1147 2344 grave
1168 2201 1379 2306 Auc‘loris
1409 2203 1624 2340 Elogium
1651 2209 1708 2300 ab
1744 2201 1902 2302 exindo
1936 2201 2133 2298 Geome-

685 2394 762 2467 tra
802 2365 851 2470 Gr
891 2363 1164 2498 Pltilcffoplto
1205 2366 1470 2468 metune
1511 2358 1882 2468 CONDORCE
1888 2353 1977 2456 TO
2022 2394 2134 2458 etcc·

689 2555 861 2637 ratum‚
903 2529 951 2632 o
995 2531 1043 2626 irz
1075 2533 1256 2650 publico
1283 2523 1553 2628 Academiae
1584 2525 1875 2628 Scientiarum
1912 2519 2133 2654 Parifien·

695 2688 757 2784 sis
786 2717 1002 2788 conuentu
1031 2691 1291 2810 rectarum,
1337 2699 1420 2791 scd
1448 2700 1635 2796 nondum
1659 2696 1708 2794 in
1736 2697 1828 2794 cius
1865 2688 2140 2793 Academiae

690 2843 824 2952 Attis
859 2852 1034 2972 publici
1072 2850 1181 2950 iuris
1196 2855 1408 2981 facium,
1454 2859 1597 2982 Operi
1636 2855 1836 2986 univcfflr
1860 2855 2143 2986 prcepcffui:

692 3044 781 3114 tum
820 3017 868 3112 in
907 3015 1052 3140 operis
1083 3021 1207 3112 calce
1244 3021 1431 3116 indicem
1469 3025 1619 3118 adieci
1648 3022 2010 3151 absolutissimam
2052 3047 2140 3110 om·

696 3177 809 3276 nium
838 3171 887 3270 E
897 3171 954 3268 U
948 3171 1127 3277 LERI
1147 3173 1542 3298 lucubrationum,
1564 3214 1850 3298 cumeorum,
1880 3211 1989 3308 quac
2004 3175 2143 3296 lepa-

696 3336 825 3434 ratim
851 3337 1001 3436 editae
1029 3339 1150 3466 iustis
1180 3343 1459 3442 uoluminibus
1496 3347 1814 3458 continentur,
1853 3370 2145 3450 cumeorum,

696 3531 804 3623 quoe
831 3533 1005 3598 numero
1028 3529 1171 3623 prope
1215 3503 1473 3604 incredibili
1506 3507 1553 3602 in
1583 3507 1774 3626 plurium
1801 3495 2147 3600 'Academiarum

697 3655 1019 3758 Commentariis
1059 3665 1296 3796 leguntur,
1340 3667 1655 3795 tum⁸dcnique
1685 3692 1993 3776 caeterarum,
2033 3687 2146 3790 quae

698 3819 894 3920 ineditae
926 3825 989 3921 ad
1017 3825 1085 3922 bis
1114 3853 1284 3926 centum
1311 3861 1446 3956 usquc
1469 3829 1590 3926 inter
1611 3831 1703 3925 eius
1744 3823 2045 3946 manuscripta
2073 3823 2144 3918 in·

696 4009 855 4082 motae
903 4013 1040 4100 sunt,
1081 4020 1273 4115 quaeque
1300 3985 1661 4115 Petropolitanae
1695 3985 1965 4090 Academiae
1994 3984 2143 4086 tradi·

699 4163 777 4238 tae
814 4143 864 4240 ia
901 4146 995 4240 eius
1039 4141 1363 4247 Commentariis
1403 4153 1612 4276 deinceps
1663 4156 1710 4250 in
1762 4156 1904 4255 lucem
1943 4151 2147 4246 emitten-

674 4305 797 4405 tur.
856 4296 962 4402 Tam
1006 4307 1196 4426 amplum
1216 4340 1371 4440 ,atque
1399 4315 1650 4414 immensum
1686 4311 2021 4412 mathematicae
2049 4343 2152 4404 eru·

699 4463 883 4565 ditionis
933 4464 1183 4566 tltesaurum
1232 4501 1347 4591 prae
1401 4479 1540 4574 oculis
1590 4473 1751 4574 babere
1801 4477 2019 4606 illumque
2063 4499 2153 4591 pm

702 4633 1035 4753 opportunitate
1075 4636 1303 4733 consulere
1346 4671 1418 4732 res
1462 4638 1549 4738 erit
1594 4643 1765 4759 procul
1805 4639 1934 4736 dubio
1976 4630 2154 4734 iuniori·

703 4795 781 4886 bus
814 4799 1241 4932 provellioribusque
1281 4791 1549 4900 Geometrls-
1574 4803 1838 4916 utilissima,
1887 4802 1965 4932 qui
1992 4835 2051 4900 cx
2079 4795 2150 4892 in-

1972 4949 2091 5088 fin
