4909 6334
747 836 801 919 72
1179 802 1620 889 CAPUTIII.

686 984 795 1073 Idem
833 972 1026 1090 eveniet,
1066 975 1092 1059 fi
1133 978 1346 1097 applicatae
1377 976 1549 1096 primum
1580 976 1723 1066 suerint
1754 972 1991 1093 negativae3
2025 996 2108 1062 tum

685 1102 793 1191 enim
831 1127 949 1215 aeque
987 1094 1072 1215 post
1111 1127 1227 1215 quam
1257 1096 1522 1211 evanuerint,
1558 1098 1585 1181 sr
1618 1096 1777 1185 ulterius
1807 1094 2110 1207 continuentur,

687 1216 753 1305 vel
781 1213 1037 1301 affirmativae
1067 1212 1190 1327 fient,
1218 1216 1285 1301 vel
1316 1216 1515 1331 negativae
1545 1214 1609 1303 vel
1639 1214 1889 1329 imaginariae
1901 1248 1919 1323 ,·
1944 1242 2110 1331 quorum

687 1338 1048 1459 phaenomeuorum
1093 1332 1264 1451 plurima
1309 1332 1490 1453 exempla
1534 1338 1690 1455 praebet
1720 1332 1894 1423 dosirina
1922 1334 1968 1417 de
1998 1330 2113 1419 lineis

686 1454 815 1543 curvis
845 1452 888 1538 in
918 1453 1023 1540 libro
1079 1452 1297 1539 raecedente
1329 1454 1515 1539 trasiata.

815 1600 908 1658 100.
970 1576 1007 1657 E
1060 1600 1123 1655 em
1152 1570 1273 1655 modo
1305 1570 1345 1657 in
1377 1570 1539 1659 seriebus
1569 1598 1775 1661 occurrunt
1816 1570 1920 1689 saepe
1952 1564 2109 1657 termini

671 1688 865 1785 infiniti:
894 1688 945 1775 sic
973 1686 1017 1775 in
1046 1686 1140 1774 serie
1184 1688 1450 1804 harmonica,
1488 1690 1594 1779 cuius
1626 1692 1814 1779 terminus
1841 1688 2030 1805 generalis
2059 1686 2120 1773 est.

693 1844 760 2057 ἑ,
790 1883 909 1975 indici
939 1884 1075 1978 x'=0
1115 1884 1357 2007 respondebit
1403 1884 1591 1976 terminus
1638 1886 1794 1975 infinite
1841 1918 2004 2007 magnus
2033 1836 2113 2031 ἐς

648 2063 652 2069 ’
691 2108 850 2205 totaque
881 2082 991 2173 series
1021 2082 1079 2171 ita
1107 2082 1158 2171 se·
1171 2084 1358 2173 habebit:
2008 2203 2012 2211 Ι

699 2229 1996 2351 «,.3<α“ὲ-ἑ-ὲ-ὲψὲψὲψ-;-ψξψᾶε.

690 2372 734 2453 Α
777 2365 916 2485 dextra
960 2390 1053 2479 ergo
1100 2362 1146 2447 ad
1191 2366 1380 2481 sinistram
1410 2366 1689 2487 progrediendo
1721 2368 1880 2455 termini
1921 2366 2120 2479 crescunt,

689 2558 750 2653 ita
777 2588 823 2652 ut
841 2512 890 2705 ἐ
918 2559 1000 2647 iam
1029 2559 1077 2649 sit
1106 2561 1261 2651 infinite
1291 2594 1451 2681 magnus
1466 2587 1623 2685 ,quem
1639 2598 1728 2655 cum
1744 2565 1989 2679 transierint,
2021 2566 2115 2651 fient

690 2759 866 2877 negativi
894 2756 1178 2849 decrescentes.
1238 2761 1346 2851 Hinc
1377 2764 1570 2883 quantitas
1601 2764 1770 2853 infinite
1785 2794 1926 2881 magna
1957 2756 2114 2883 speiiari

721 2878 818 2967 otest
848 2906 1030 2995 tanquam
1061 2879 1218 2997 limes,
1264 2912 1475 3005 perquem
1506 2886 1657 2971 numeri
1688 2882 1915 2974 affirmativi
1946 2876 2113 3003 progres-

690 2913 722 3083 si
752 2998 851 3083 fiunt
881 2996 1055 3109 negativi
1085 3064 1099 3109 ,
1143 3004 1182 3084 8<
1211 3000 1378 3087 vicissim
1411 3032 1421 3084 :
1452 2996 1549 3087 unde
1579 3000 1751 3120 pluribus
1781 2999 1908 3087 visum
1937 2999 2019 3112 est,
2049 3028 2113 3083 nu·

691 3146 823 3202 meros
852 3112 1055 3226 negativos
1082 3116 1309 3201 confiderari
1341 3116 1443 3235 posse
1474 3185 1487 3229 ,
1518 3144 1701 3237 tanquam
1731 3120 1891 3205 infinito
1921 3118 2113 3227 maiores,

694 3258 896 3353 propterea
925 3229 1027 3347 quod
1057 3230 1099 3316 in
1129 3233 1202 3333 hac
1233 3232 1325 3326 serie
1356 3235 1514 3329 termini
1545 3238 1732 3333 continuo
1763 3238 1995 3351 crescentes,
2021 3232 2114 3355 post·

694 3382 811 3473 quam
849 3347 1053 3435 infinitum
1093 3348 1327 3468 attigerint,
1356 3358 1492 3441 abeant
1524 3352 1823 3473 innegativos.
1870 3363 1931 3443 At
1961 3383 2055 3443 vero
2085 3352 2110 3435 st

695 3554 743 3639 ad
773 3548 939 3661 seriem,
967 3548 1075 3637 cuius
1104 3551 1292 3641 terminus
1321 3553 1511 3669 generalis
1539 3554 1592 3641 est
1622 3510 1710 3721 ᾗ,
1739 3558 2006 3665 attendamus,
2036 3548 2114 3672 post

697 3748 901 3839 transitum
931 3775 999 3867 per
1028 3743 1234 3837 infinitum·
1260 3750 1383 3839 rursus
1414 3752 1603 3871 prodeunt
1635 3754 1796 3843 termini
1826 3748 2079 3841 affirmativi.

727 3988 751 4023 Ι,
816 3888 2008 4015 ἆῦἕΗΗΗΗΗΨΗᾶῦε

695 4058 793 4147 quos
824 4054 955 4114 tamen
983 4056 1103 4115 nemo
1132 4029 1292 4118 infinito
1321 4032 1490 4123 maiores
1519 4035 1694 4128 dixerit.

795 4177 928 4235 ·101.
987 4150 1269 4275 Saepenumero
1314 4182 1464 4271 quoque
1509 4154 1551 4240 in
1582 4155 1743 4251 seriebus
1774 4160 1961 4251 terminus
1991 4150 2114 4245 infini-

695 4289 760 4355 tus
789 4262 991 4355 constituit
1018 4263 1234 4383 iimitem,
1274 4272 1462 4393 terminos
1492 4275 1610 4365 reales
1638 4285 1688 4369 ab
1716 4282 1955 4398 imaginariis
2002 4276 2114 4389 segre·

568 4559 570 4562 ,
698 4486 885 4579 gamem,
914 4460 974 4552 uti
1004 4460 1124 4553 sitin
1154 4466 1247 4554 serie
1274 4468 1373 4581 hac,
1403 4470 1508 4562 cuius
1535 4476 1723 4571 terminus
1747 4476 1934 4593 generalis
1965 4474 2017 4561 est
2045 4419 2116 4530 -1-

2049 4554 2122 4641 vsa

631 4656 634 4661 ’
702 4628 1790 4862 ὲζμμμμμμ.

837 4830 913 4911 ῃ
1809 4708 2119 4858 Ἒὲψω

917 4851 939 4933 3
1030 4836 1129 4935 Ἠ
1218 4834 1320 4935 Ὴ
1431 4860 1459 4918 0
1553 4845 1626 4926 Vr
1708 4846 1779 4928 vsa
1871 4842 1944 4951 ἡ

2002 5030 2064 5087 ΠΕ·
